1962 3354
606 225 745 269 COD.
781 226 981 269 COISL.
1015 226 1172 270 XXV.

151 351 238 403 264
257 316 323 396 26
353 348 558 422 αὖθεντία]
592 349 813 408 αὐθεντείᾳ.

152 407 234 464 265
293 420 320 464 3
351 410 436 449 Τοΰ
456 406 612 464 αὐτοῦ]
643 412 726 451 Τοΰ
746 413 823 463 Χρ.

268 479 316 508 11
351 463 615 564 Ἀμμωνίουέ]
632 464 857 519 Ἀμμωνίου

150 579 234 622 266
294 579 320 621 8
351 522 585 637 πῖῗξῖὸβῆτ
583 541 774 634 ῗτῖἶὲιμοῦ.

267 638 320 680 16
350 640 742 692 ΤοΰΧρυσοστόμου.
747 639 856 697 ]Τοΰ

379 695 516 738 αὐτοῦ.

261 765 316 809 31
349 751 613 828 Ἀ.μμωνίου]
631 754 856 808 Ἀμμωνίου

378 811 668 866 πρεσβυτέρου.

147 868 229 923 267
267 879 318 911 12
351 869 454 925 ἐπεὶ]
491 869 639 922 ἐπειδὴ.

265 938 316 982 13
350 927 549 983 ἐναργῶν]
585 929 770 983 ἐνεργῶν.

268 985 323 1026 16
352 985 433 1040 καὶ]
469 985 534 1027 καὶ
554 986 615 1038 τῇ.

347 1044 600 1115 γενόμενος·]
630 1045 852 1097 γινόμενος.

263 1111 319 1142 2ο
349 1097 461 1142 θέλει
480 1101 556 1156 τις]
591 1118 649 1144 τις
670 1100 793 1143 θέλει.

260 1169 319 1213 30
349 1161 519 1210 Σκοπεῖ]
583 1162 668 1200 Τοῦ
718 1159 852 1202 αὐτοῦ.

377 1218 539 1258 Σκοπεῖ.

146 1272 228 1314 268
258 1284 316 1328 32
346 1275 414 1325 τῆς
444 1271 482 1315 α’
506 1275 563 1317 εἷς
591 1274 681 1318 τοὺς
709 1277 850 1328 Κοριν-

376 1330 501 1386 θίους]
519 1333 589 1383 τῆς
603 1333 659 1375 εἷς
671 1331 742 1384 τὴν
750 1333 852 1386 πρῶ-

374 1404 447 1441 την
467 1387 567 1442 πρὸς
587 1393 685 1443 Κορ.

145 1445 229 1500 269
264 1455 313 1499 17
346 1447 559 1518 τοιοῦτον,]
594 1450 760 1489 τοιοῦτο.

260 1514 315 1546 20
345 1502 553 1560 πειστέον]
587 1503 798 1547 πευστέον.

261 1572 311 1604 21
346 1560 408 1615 τί]
437 1561 511 1603 ὅτι.

261 1618 316 1659 26
344 1620 546 1674 uam-lam]
582 1621 786 1672 μαντείαν.

261 1675 314 1717 28
346 1677 415 1732 ὥς]
451 1677 548 1719 ὅθεν
566 1678 631 1721 ὥς.

345 1735 562 1807 Πυθωνίω]
596 1736 772 1777 Πύθωνι.

257 1803 318 1846 34
346 1790 661 1864 πιστευθέντες]
691 1810 851 1835 πιστευ-

375 1847 525 1899 θέντες,
543 1850 595 1894 ὦς
608 1850 733 1893 πάλιν
754 1851 851 1902 ἀλη-

374 1907 572 1951 θεύοντες.

144 1974 229 2019 270
263 1977 308 2006 11
345 1964 370 2018 ἦ
391 1966 601 2038 ῌυθία,]“
582 1983 607 2018 η
622 1967 756 2008 Πυθία
776 1972 851 2020 φη-

374 2039 453 2065 σιν.

261 2092 313 2123 12
341 2078 847 2136 Ἀπόλλων]Ἀπόλλωνὸ.

261 2138 313 2180 18
344 2137 620 2194 ἀπήγγελλεν]
661 2139 849 2194 ἀπήγγει-

372 2200 462 2238 λεν.

260 2265 314 2296 22
345 2254 478 2309 ὁρᾶν.]
511 2255 627 2307 ὁρῶν.

259 2321 312 2366 25
345 2310 436 2365 ἐὰν]
473 2312 545 2352 ἐὰν
565 2311 710 2356 αὐτοῖς.

345 2366 658 2440 ἀπολλυμένων]
719 2370 846 2411 ἀπολ-

372 2423 614 2477 λοιμμένων.

259 2493 310 2535 27
346 2481 535 2538 εὔκολον]
569 2484 755 2525 εὔκωλον.

260 2551 313 2593 29
345 2538 411 2595 ὃν]
446 2539 484 2582 δ.

255 2610 315 2654 34
344 2601 458 2638 τοῦτο
477 2597 576 2654 γὰρ]
608 2598 653 2639 τὸ
674 2601 764 2653 γὰρ.

144 2666 222 2710 271
285 2668 316 2708 4
345 2653 448 2711 τοῖς]
476 2659 563 2699 τοῖς
583 2657 652 2699 εἰς.

345 2712 464 2754 αὐτοῦ
484 2711 555 2768 ἢν]
586 2713 636 2765 ἦν
658 2713 791 2755 αὐτοῦ.

264 2782 314 2813 12
341 2773 425 2812 Τοῦ
433 2772 732 2824 Χρυσοστόμου.
736 2772 752 2826 ]
765 2775 848 2812 Τοῦ

374 2827 494 2869 αὐτοῦ
553 2827 596 2869 id
655 2837 717 2869 est
779 2832 848 2869 τοῦ

374 2888 447 2938 Χρ.
461 2899 643 2942 namque
660 2886 849 2942 sequitur

373 2941 502 2984 schol.
534 2957 574 3000 p.
600 2954 696 2997 270.
726 2947 848 2998 γνῶθι

374 3004 516 3054 σαφῶς
543 3002 617 3042 &c.

1544 227 1627 270 441

928 317 986 350 rag
950 324 995 350 ag.
1023 317 1087 344 Isin.

919 361 997 406 271
1034 362 1090 404 24
1120 350 1303 405 Σεβήρου
1323 350 1422 408 ἀπὸ]
1449 351 1625 406 Σευήρου

1149 408 1481 464 ἆρχιεπισκόπου’
1488 412 1628 451 Αντιο-

1148 468 1278 522 χείας.
1331 467 1514 520 Κινηθεὶς
1561 468 1626 509 καὶ

1149 524 1320 579 δηχθεὶς,
1373 525 1437 566 καὶ
1495 526 1626 577 ἆληθῆ

1148 580 1355 636 λέγουσαν
1364 583 1626 636 ἐπιστομίσας

1149 639 1284 692 αὐτὴν,
1300 639 1528 682 διδάσκων“
1509 643 1622 693 ημᾶς,

1147 698 1245 750 μηδὲ
1265 700 1311 750 τῇ
1340 698 1508 755 ἀληθείᾳ
1527 715 1623 740 συν-

1145 759 1306 809 ηγορεῖν
1334 754 1625 809 προσποιουμέ-

1151 829 1241 856 νους
1265 810 1457 867 δέχεσθαι
1486 815 1622 866 δαίμο-

1148 884 1233 914 νας·
1268 871 1377 912 ἀλλὰ
1396 874 1534 913 πᾶσαν
1554 872 1622 913 αὐ-

1148 931 1232 972 τοῖς
1247 929 1511 983 ἀποτειχίζειν
1522 928 1625 971 πλά-

1147 1002 1218 1038 νης
1263 985 1370 1034 ὁδὸν,
1415 986 1478 1027 καὶ
1523 987 1621 1029 ἇπο-

1147 1041 1339 1097 φράττειν
1354 1043 1452 1097 πρὸς
1467 1046 1516 1086 τὰ
1530 1043 1622 1098 παρ’

1145 1101 1275 1143 αὐτῶν
1293 1101 1424 1143 πάντα
1444 1101 1516 1154 τὴν
1532 1103 1623 1144 ἀκο-

1146 1157 1207 1210 ὴν·
1228 1158 1624 1213 “διαπονηθεὶς”γᾶρ

1146 1217 1273 1269 φησὶν
1291 1218 1348 1258 “ὁ
1367 1216 1569 1265 Παῦλος,”
1577 1217 1623 1259 τὸ

1145 1275 1189 1315 δὲ
1204 1281 1230 1295 “
1246 1273 1536 1325 διαπονηθεὶς,”
1551 1292 1624 1326 ση-

1143 1332 1277 1383 μαίνει
1288 1331 1333 1372 τὸ
1343 1334 1546 1384 κινηθῆναι
1552 1332 1623 1374 τὸν

1145 1392 1316 1430 Παῦλον
1347 1390 1412 1431 καὶ
1440 1389 1537 1443 πρὸς
1563 1392 1620 1432 δί-

1144 1463 1257 1488 καιον
1277 1449 1536 1500 διαναστῆναι
1558 1451 1623 1490 θυ-

1142 1503 1230 1555 μόν.
1266 1507 1329 1546 δεῖ
1346 1507 1423 1558 γὰρ
1444 1504 1622 1557 μάλιστα

1144 1563 1406 1604 κολακεύουσι
1426 1567 1510 1606 τοῖς
1535 1565 1618 1605 δαί-

1143 1636 1252 1671 μοσι,
1271 1619 1335 1661 καὶ
1354 1622 1404 1662 τὰ
1419 1619 1518 1674 πρὸς
1531 1621 1621 1673 ἡδο-

1145 1676 1218 1729 νὴν
1231 1675 1413 1731 λέγουσι,
1427 1680 1622 1732 χαλεπαί-

1145 1750 1229 1776 νειν
1246 1735 1310 1776 καὶ
1326 1735 1617 1784 ἐναντιοῦσθαι,

1144 1792 1207 1833 καὶ
1215 1793 1541 1834 ἆντανίστασθαι·
1557 1795 1621 1835 διὰ

1143 1852 1258 1891 τοῦτο
1284 1850 1348 1892 καὶ
1375 1849 1435 1892 ἐπ’
1458 1852 1621 1893 ἐκείνων

1143 1906 1288 1961 νήφειν
1318 1908 1522 1961 προσήκει,
1557 1909 1621 1951 καὶ

1141 1966 1310 2019 φεύγειν
1340 1967 1496 2018 μακρὰν
1530 1966 1620 2010 τοὺς

1142 2022 1519 2076 ἐπαγγελλομένους
1551 2025 1616 2065 νό-

1143 2097 1240 2124 σους
1257 2079 1419 2122 ε’πάὸειν
1439 2079 1462 2132 ἢ
1480 2081 1618 2122 ἕλκεσι

1143 2137 1207 2178 καὶ
1240 2142 1320 2179 τῶν
1353 2137 1565 2193 τραχήλων
1594 2138 1618 2191 ἢ

1141 2198 1220 2236 τῶν
1245 2197 1477 2250 βραχιόνων
1500 2195 1524 2248 ἢ
1546 2197 1618 2238 ἄλ-

1139 2257 1214 2294 λου
1245 2252 1392 2306 μέλους
1423 2253 1615 2305 ἐξάπτον-

1139 2327 1207 2353 τος
1237 2313 1286 2352 τὰ
1311 2312 1514 2364 λεγόμενα
1538 2317 1615 2365 φυ-

1139 2367 1344 2421 λακτήρια,
1360 2367 1434 2410 κᾶν
1450 2369 1618 2421 εὐσεβὲς

1141 2425 1215 2480 ἔχῃ
1236 2425 1280 2466 τὸ
1301 2427 1528 2479 πρόσχημα,
1545 2426 1617 2478 μή·

1140 2482 1470 2536 ποτε,θεράπειαν
1486 2484 1613 2535 ἐπιζη-

1134 2541 1615 2594 τοῦντεςσῶματος,προσ-

1134 2597 1616 2652 αρρωστήσωμεντῆνψυ-

1138 2655 1229 2710 χὴν,
1249 2655 1292 2696 ἐκ
1319 2659 1398 2697 τῶν
1427 2656 1615 2697 τοιούτων

1140 2713 1409 2765 εὐπροσώπων
1463 2715 1610 2762 αἰτιῶν,

1138 2772 1184 2822 τῇ
1206 2770 1340 2827 πλανῆ
1373 2774 1451 2812 τῶν
1477 2773 1613 2822 δαιμό-

1140 2844 1231 2875 νων,
1253 2812 1431 2880 βάσιμον
1456 2832 1614 2871 ποιοῦν-

1138 2901 1203 2928 τες
1223 2901 1296 2936 την
1316 2886 1487 2927 εἴσοδον.

1108 2942 1180 2994 Ἐξ
1202 2941 1492 2996 ἆνεπιγράφου.
1522 2942 1614 2995 Ἐξ-

1138 2998 1267 3051 έβαλε
1275 3000 1320 3041 τὸ
1331 3004 1485 3053 πνεῦμα
1499 3006 1611 3043 κ.τ.λ.

981 3070 1056 3112 3L
