1962 3354
364 252 449 292 434

378 341 519 373 Pag.inL

743 250 1067 293 VARIETAS
1100 251 1443 294 LECTIONIS

1136 341 1295 374 Pagn..Li

371 387 450 428 140
486 361 534 429 15
566 372 712 428 λόγου]
734 374 901 427 βίβλου.
923 376 1012 429 λόγ.
1029 392 1068 429 γ.
1133 376 1211 427 146
1273 387 1297 416 2
1326 373 1545 428 ἡνωμένης]
1568 373 1774 427 ἡνομέυης.

474 445 535 486 19
569 431 818 486 ἐνόμισας]’
801 433 1005 484 ενόμισαν.

484 501 533 543 23
567 487 821 544 ἡγησάμεθα]
854 489 1068 541 -σάμενος,

485 557 540 596 24
570 543 633 600 δὲ]
657 546 700 586 δὲ
722 546 798 586 καὶ.

481 615 539 658 34
567 600 686 657 μετὰ]
709 616 791 643 0111.

566 659 776 711 μετανοίας
823 659 887 700 καὶ
937 661 1071 711 ἐπιμε-

595 717 726 771 λείας]
763 717 989 768 ἐπιμελείας
1010 716 1073 758 καὶ

594 773 866 825 μεταμελείας.
936 804 966 837 *8

374 842 448 882 141
490 841 542 880 14
573 830 753 887 Κύριον]
786 831 890 873 ὅπως
909 848 973 883 μη.

487 886 536 927 18
564 885 1070 941 ἆφωσιωμένως]ἀφοσίως.

372 956 451 996 142
489 956 541 996 14
569 947 652 984 Τοῦ
674 943 826 999 αὐτοῦ]
862 948 945 986 Τοῦ
971 948 1072 998 va-

596 1002 810 1052 σοστόμου.

374 1070 450 1112 143
512 1058 538 1098 6
568 1057 727 1113 πρώτῳ]
752 1056 802 1099 α’.

487 1125 535 1168 15
567 1113 774 1169 Σευήρου.]
807 1114 980 1168 Σευήρου
1006 1116 1072 1168 ἆρ-

595 1173 858 1225 χιεπισκόπου
918 1173 1071 1213 Ἀντιο-

598 1228 712 1281 χείας
769 1230 813 1270 ἐκ
860 1232 927 1280 τῆς
974 1229 1072 1282 πρὸς

604 1286 910 1327 Κωνσταντίνον
934 1285 1011 1327 ἀπὸ
1031 1287 1071 1327 ὖ-

597 1341 733 1383 πάτων
755 1343 980 1394 ἐπιστολῆς.

487 1407 535 1450 17
570 1396 634 1453 δὲ]
657 1412 740 1438 om.

488 1466 542 1506 24
571 1459 641 1496 τοῦ
662 1453 760 1510 τῶν]
783 1456 941 1497 τούτων.

487 1523 537 1565 27
571 1511 821 1567 ὑπομείνας,]
861 1514 1074 1565 ὑπομείνας

600 1571 785 1621 σταῦρον.

481 1638 532 1680 31
570 1624 766 1681 ἔχουσαν]
790 1625 954 1680 ἔχουσα.

573 1681 658 1737 καὶ]
681 1683 758 1723 ἵνα.

483 1751 540 1794 32
571 1739 816 1795 χαρίσεται.]
842 1740 1069 1793 χαρίσηται.

376 1807 456 1848 144
491 1809 542 1837 10
573 1795 819 1851 Εἶρηναίου.]
854 1800 937 1838 Τοῦ
957 1800 1072 1852 ἁγίου

601 1855 1068 1908 ΕἷρηναίουΛουγδώνου.

490 1923 539 1965 13
572 1911 761 1963 Χριστόν·
767 1909 785 1966 ]
807 1925 888 1951 om.

573 1966 763 2022 κλίματα]
787 1969 956 2020 κλίματα
975 1970 1054 2020 τῆς

493 2036 543 2074 14
571 2023 708 2078 τοῦτο]
731 2023 848 2065 τοῦτ’.

572 2079 735 2151 ὅπερ]“
712 2097 809 2134 οπερ
830 2080 956 2124 αὐτὸς.

572 2135 662 2190 τὸν]
691 2141 782 2177 τῶν.

489 2204 540 2246 25
574 2192 810 2248 Κυρίλλου.]
844 2197 927 2234 Τοῦ
958 2194 1071 2247 ἁγίου

602 2251 801 2302 Κυρίλλου
841 2251 884 2291 ἐκ
915 2253 985 2291 τοῦ
1019 2252 1073 2293 εἷς

601 2305 672 2346 τὸν
700 2305 879 2348 “Ησαίαν
902 2307 1073 2361 συντάγ-

600 2380 735 2415 ματος.

490 2428 539 2473 27
574 2419 773 2475 κουρίδας]
805 2421 983 2474 κουρίδας
1008 2421 1074 2462 αὗ-

600 2493 697 2519 τοις.

489 2544 542 2587 29
574 2533 856 2589 ἀντιλοιδόρει]
880 2535 1014 2576 ἀντ-ελ.

487 2602 544 2644 32
576 2591 662 2631 ἀντὶ
682 2594 751 2631 τοῦ
773 2592 986 2644 ἐπαίρεται,
1011 2592 1073 2632 καὶ

601 2646 834 2700 ὑψηλοτέρα
881 2652 959 2689 τῶν
1010 2649 1075 2690 ἐπὶ

602 2706 675 2756 γῆς
708 2705 818 2745 ἐστὶν
847 2705 870 2756 ἡ
898 2705 972 2756 ζωὴ
1004 2706 1072 2746 αὐ-

601 2761 701 2815 τοῦ,]
728 2759 817 2801 haec
836 2776 918 2802 om.

379 2825 455 2870 145
490 2828 538 2857 21
573 2819 714 2872 ποῖος,]
741 2819 886 2861 ὁποῖος.

491 2882 542 2926 27
574 2874 660 2914 Τοῦ
704 2873 842 2947 αὐτοῦ]
900 2875 1073 2928 Σευήρου

604 2931 912 2984 ἆρχιεπισκόπου
947 2931 1073 2973 Ἀντι-

603 2987 740 3039 οχείας
760 2988 816 3029 ἐκ.

1268 441 1295 487 5
1328 431 1546 488 ἀδύνατον]
1565 430 1786 486 ἀμήχανον.

1131 499 1208 542 147
1248 501 1294 543 13
1330 490 1562 541 ἰσοδυναμοῖ
1600 491 1805 540 -δυναμεῖ,

1246 544 1296 586 18
1328 544 1572 599 ἁρπαγέντες
1628 544 1824 599 ἁρπαγέν-

1354 619 1418 645 τες
1436 619 1494 644 τε.

1244 670 1296 715 25
1329 659 1568 723 συμφώνως]
1616 658 1829 712 συμφώνος

1357 731 1426 757 sm.

1246 775 1299 816 26
1331 773 1410 828 καὶ]
1437 773 1554 814 καὶὸ.

1243 842 1299 885 32
1329 830 1420 884 τὴν]
1443 843 1526 870 om.

1132 901 1208 943 151
1249 901 1300 942 19
1330 890 1413 928 Τοῦ
1435 886 1591 940 αὐτοῦ]
1623 888 1706 927 Τοῦ
1726 889 1828 939 Χρυ-

1357 944 1572 995 σοστόμου.

1246 1011 1295 1055 27
1328 999 1422 1055 Ἐν]
1453 1003 1536 1042 Τοῦ
1557 999 1688 1041 αὐτοῦ.
1729 997 1816 1041 ’.Εν

1242 1071 1296 1114 33
1327 1061 1411 1099 Τοῦ
1445 1058 1563 1098 αὐτοῦ
1600 1058 1643 1098 ἐκ
1673 1058 1744 1098 τοῦ
1774 1057 1831 1100 εἰς

1357 1115 1429 1166 τὴν
1453 1112 1518 1166 νβ’
1539 1113 1719 1171 ὁμιλίαν]
1746 1116 1830 1155 Τοῦ

1358 1172 1644 1225 Χρυσοστόμου
1683 1171 1727 1212 ἐκ
1764 1172 1831 1222 τῆς

1360 1229 1416 1272 εἶς
1437 1227 1471 1270 ν’
1491 1229 1648 1280 ὁμιλίας
1666 1225 1709 1279 β’
1714 1257 1724 1267 .

1132 1298 1211 1341 152
1242 1299 1297 1341 33
1332 1285 1500 1383 Σαοὺλ,]
1523 1299 1607 1326 0111.

1134 1356 1210 1399 153
1271 1357 1301 1396 4
1329 1341 1498 1472 ⁷⁶]0m'

1271 1411 1298 1454 5
1331 1400 1373 1440 δε
1419 1399 1492 1440 καὶ.

1274 1456 1298 1496 8
1331 1455 1408 1497 ἀπὸ
1441 1455 1622 1512 γενετῆς]
1656 1456 1826 1508 ἀπογεν-

1360 1512 1487 1564 νητὴς.

1247 1583 1301 1622 14
1329 1568 1568 1624 βλέποντες]
1583 1568 1827 1621 βλέπωντες.

1249 1641 1265 1667 1
1274 1628 1299 1668 6
1329 1626 1587 1720 ἡμεῖς]ἧὴμῆς.

1249 1736 1297 1780 17
1329 1726 1417 1781 ἣτε]
1440 1726 1518 1768 εἴτε
1539 1724 1651 1781 (sic).

1246 1796 1300 1826 20
1331 1783 1535 1837 Διδύμου.]
1562 1783 1758 1835 Μαξίμου.

1250 1853 1303 1884 22
1335 1840 1452 1882 αὐτὸν
1496 1840 1626 1881 αὐτοῦ.

1247 1909 1303 1950 24
1334 1898 1453 1939 αὐτὸν
1496 1897 1628 1938 αὐτοῦ.

1135 1964 1217 2010 154
1274 1968 1300 2010 3
1333 1952 1570 2009 Εὐσεβίου.]
1631 1952 1831 2005 Εὗσεβίου

1362 2011 1578 2052 ἐπισκόπου
1595 2008 1779 2063 Ἐμέσης.

1274 2069 1301 2108 6
1330 2066 1439 2118 ᾔδειν
1453 2069 1485 2122 ;]
1518 2065 1628 2119 ᾕδην.

1134 2133 1214 2178 155
1248 2126 1301 2165 26
1333 2124 1412 2179 καὶ]
1437 2138 1520 2164 0111.

1332 2179 1522 2236 Κανόσι·]
1553 2179 1718 2221 Κανόσι·
1744 2183 1833 2221 τοῦ-

1358 2254 1402 2278 το
1424 2238 1467 2277 δὲ
1495 2236 1665 2291 γέγονεν
1693 2239 1757 2278 διὰ
1784 2237 1831 2278 τὸ

1359 2292 1528 2346 σπάνην.

1134 2353 1213 2406 156
1272 2364 1301 2403 4
1329 2354 1412 2391 Τοῦ
1432 2349 1585 2423 αι’ίτοΰ]
1617 2353 1699 2392 Τοῦ
1727 2354 1827 2404 Χρυ-

1359 2424 1570 2459 σοστομου.

1275 2465 1298 2505 8
1330 2463 1499 2517 ῥήματα]
1525 2464 1720 2516 ὀνείρατα.

1250 2532 1296 2575 17
1329 2524 1412 2562 Τοῦ
1433 2519 1587 2575 αὐτοῦ]
1616 2524 1700 2562 Τοῦ
1726 2524 1829 2574 Χρυ-
1897 2534 1899 2536 ’

1359 2578 1572 2629 σοστόμου.

1135 2644 1210 2691 157
1250 2647 1302 2687 14
1329 2636 1412 2675 Τοῦ
1432 2632 1587 2688 αὐτοῦ]
1616 2635 1699 2674 Τοῦ
1722 2637 1825 2686 Χρυ-

1357 2691 1571 2742 σοστόμου.

1246 2759 1301 2799 24
1329 2751 1412 2788 Τοῦ
1433 2745 1588 2802 αὗτοῦ.]
1612 2749 1694 2787 Τοῦ
1720 2749 1769 2787 Χ.

1243 2817 1301 2859 34
1331 2804 1413 2858 καὶ]
1437 2803 1501 2844 καὶ
1519 2803 1579 2844 τὸ.

1135 2862 1213 2916 158
1278 2875 1295 2902 1
1332 2859 1414 2915 ἐφ’]
1441 2858 1500 2901 ἐπ’
1523 2859 1635 2913 (sic.)

1329 2919 1395 2968 τῆς
1415 2919 1592 2970 σφοδρᾶς
1618 2915 1828 2967 μετανοίας

1359 2973 1422 3014 καὶ
1438 2973 1650 3027 νηστείας·]
1673 2973 1741 3023 τῆς
1758 2987 1827 3024 με-
