1962 3354
620 222 760 264 COD.
795 221 992 264 COISL.
1027 220 1179 263 XXV.

175 314 242 348 Ρη.
269 313 332 340 mu.

1556 222 1641 263 435

944 313 1007 345 Pag.
1035 312 1098 338 Lin-

395 348 444 390 τὰ
461 348 647 401 σφοδρὰν
661 347 873 400 μετανοίας
937 348 1015 402 169
1052 359 1067 387 1
1082 359 1098 386 1
1135 344 1317 401 αἰώνων]
1339 346 1516 388 αἰωνίαν.

396 406 595 457 νηστείας.

167 463 247 518 158
308 463 335 505 6
364 465 435 505 τοῦ
455 462 586 520 Θεοῦ]
609 465 679 504 τοῦ
700 477 782 504 om.

307 534 334 577 9
365 519 465 576 γὰρ]
487 523 600 574 γοῦν·

283 591 337 632 14
364 577 418 630 μὴ
438 578 510 620 οὖν
531 577 799 632 σφάλλωμεν]
820 576 873 630 μὴ

395 636 441 678 δὲ
460 634 696 689 σφάλωμεν.

284 695 336 736 16
369 692 518 748 ἕτερος]
544 708 628 735 om.

286 762 336 806 17
369 749 470 807 τῶν]
492 750 577 793 τὸν.

284 822 335 864 19
368 808 524 864 Οὕτως]
543 811 628 850 Τοῦ
642 808 873 862 Χρυσοστό-

393 883 481 919 μου.
514 867 664 910 Οὕτως.

283 937 334 980 23
359 921 489 980 Ἀμα]
509 927 594 966 Τοῦ
606 921 871 975 αὐτοῦ.”Αμα.

167 993 249 1037 159
308 995 334 1038 3
369 981 546 1036 Εὐθέως]
560 984 643 1023 Τοῦ
652 981 783 1023 αὐτοῦ.
798 981 873 1022 Εὐ-

395 1038 506 1084 θέως.

284 1108 335 1139 12
367 1095 590 1152 σχήματος]
600 1095 872 1151 σχήματοςὼς.

282 1165 338 1196 2ο
366 1157 451 1197 Τοῦ
470 1152 627 1209 αὐτοῦ]
660 1157 744 1195 Τοῦ
767 1157 872 1207 Χρυ-

397 1212 614 1264 σοστόμου.

169 1269 252 1312 160
314 1282 333 1311 1
366 1272 451 1311 Τοῦ
472 1269 623 1324 aba-ost]
648 1283 729 1310 om.

308 1339 336 1384 5
365 1329 451 1368 Τοῦ
469 1326 629 1383 αὐτοῦ]
657 1329 741 1368 Τοῦ
766 1329 871 1380 Χρυ-

397 1385 615 1437 σοστόμου.

284 1453 338 1498 19
361 1439 488 1497 Ὅρα]
507 1445 591 1484 Τοῦ
607 1441 738 1484 αὐτοῦ.
751 1439 873 1493 ‘'Opa.

283 1509 337 1555 25
367 1500 667 1555 Λουγδούνων.]
710 1499 873 1552 Λογδώ-

399 1573 486 1599 νου.

173 1614 247 1657 161
313 1624 337 1668 7
368 1616 453 1656 Τοῦ
463 1614 772 1669 Χρυσοστόμου]
791 1616 875 1655 Τοῦ

400 1671 532 1714 αὐτοῦ.

171 1731 252 1774 162
287 1729 339 1771 18
370 1728 460 1786 τοῦ]
482 1731 553 1771 τοῦ
573 1730 631 1772 εἰς
649 1727 732 1781 τὴν.

286 1799 338 1843 23
370 1787 506 1844 τοῦτο]
529 1789 608 1828 τοῦ.

285 1854 336 1899 27
370 1843 569 1901 χαλκείῳ]
591 1844 759 1900 χαλκίῳ.

171 1903 255 1956 164
311 1915 342 1956 4
370 1905 454 1945 Τοῦ
475 1902 630 1957 αὐτοῦ]
660 1905 744 1943 Τοῦ
770 1904 873 1955 Χρυ-

400 1960 619 2012 σοστόμου.

288 2019 339 2060 16
369 2016 878 2091 ΤοῦΧρυσοστόμου.]Τοῦ

400 2092 531 2117 αυτου.

171 2135 251 2190 165
311 2147 341 2187 4
369 2136 454 2175 Τοῦ
477 2131 634 2189 αὐτοῦ.]
666 2135 749 2173 Τοῦ
770 2135 875 2185 Χρυ-

395 2191 614 2243 σοστόμου.

172 2249 253 2290 166
287 2259 337 2291 21
372 2247 519 2305 Αἰνέα]
543 2246 653 2290 iuba.

287 2317 341 2348 22
371 2304 546 2362 φήσας,]
569 2306 731 2358 φείσας.

287 2372 341 2418 25
374 2361 619 2417 κράβαττον]
653 2360 880 2415 κράβαττον

401 2436 488 2460 σου.

290 2477 346 2519 26
374 2477 528 2532 βεβαίᾳ
570 2476 761 2529 βεβαίαν.

286 2547 344 2591 3ο
374 2536 446 2576 τοῦ
464 2533 534 2576 τὸν
577 2550 718 2576 τουτον
737 2532 851 2588 (sic).

176 2594 253 2648 167
316 2593 343 2634 6
375 2592 585 2646 Διδύμου.]
617 2589 860 2644 Ἀμμωνίου.

289 2662 338 2693 21
374 2648 610 2704 ἐλεγκτέον]
636 2647 853 2691 ἐλεικτέον.

289 2720 343 2751 22
373 2706 541 2761 πλήρης]
567 2705 719 2759 πλήρης
739 2706 803 2758 ἢν.

287 2778 345 2821 3ο
367 2762 499 2821 ‘'Opa]
532 2766 617 2806 Τοῦ
646 2764 880 2817 Χρυσοστό-

401 2838 489 2874 μου.
528 2820 652 2875 Ὅρα.

178 2879 259 2921 168
319 2891 349 2932 4
381 2877 592 2936 Διδύμων]
613 2882 697 2920 Τοῦ
721 2877 803 2930 >k

296 2950 346 2993 19
376 2939 461 2979 Τοῦ
474 2936 884 2995 Χρυσοστόμου.]Τοῦ

407 2993 540 3036 αὐτοῦ.

936 415 1017 458 170
1079 413 1101 457 7
1133 406 1217 445 Τοῦ
1272 402 1428 459 αὐτοῦ]
1483 405 1638 456 Ἀμμω-

1165 461 1262 502 νίου.

1053 518 1104 559 16
1128 516 1254 573 ‘'Opa]
1292 520 1376 559 Τοῦ
1402 519 1638 572 Χρυσοστό-

1160 593 1249 628 μου.
1285 573 1407 629 ‘'Opa.

1050 634 1104 675 26
1134 632 1639 692 ΤοῦΧρυσοστόμου.]Τοῦ

1164 708 1297 732 αυτου.

939 760 1011 803 171
1053 762 1105 802 14
1135 749 1223 803 τοῦ]
1248 751 1326 800 τῆς.

1052 816 1102 862 15
1135 807 1384 862 ἀπούπατον]
1459 806 1639 848 ἆποϋπά-

1165 881 1256 906 των.

1052 935 1105 966 20
1135 921 1436 978 ποδηγήσαντα]
1466 925 1637 975 ποδηγη-

1166 996 1246 1021 σαν
1267 978 1386 1034 (sic).

1053 1049 1102 1093 23
1136 1036 1278 1093 ὅροις”]
1302 1037 1431 1090 ὄρους.

939 1107 1018 1149 172
1083 1108 1100 1136 1
1138 1095 1282 1152 Διατί]
1305 1097 1389 1136 Τοῦ
1407 1092 1639 1148 Χρυσοστό-

1163 1170 1252 1205 μου.
1287 1153 1420 1194 Διατί.

1074 1221 1104 1266 5
1135 1207 1644 1266 ΤοῦΧρυσοστόμου.]Τοῦ

1166 1285 1298 1309 αυτου.

1081 1335 1103 1379 7
1136 1328 1222 1366 Τοῦ
1240 1325 1396 1382 αὐτοῦ]
1425 1328 1509 1367 Τοῦ
1537 1328 1641 1378 Χρυ-

1167 1381 1384 1435 σοστόμου.

1053 1452 1107 1492 24
1138 1441 1401 1495 Σευηριανοῦ]
1478 1443 1639 1493 Σευηρι-

1167 1514 1266 1539 ανου
1288 1496 1518 1539 ἐπισκόπου.

1050 1568 1107 1610 30
1138 1554 1199 1611 αἱ]
1222 1570 1307 1597 om.

1138 1611 1384 1668 ἇνέβησαν,]
1429 1611 1470 1653 in
1508 1626 1642 1668 marg.

1165 1687 1228 1724 γρ.
1252 1670 1491 1724 ἐδέχθησαν.

1048 1741 1107 1784 34
1138 1728 1328 1782 κηρύσσει
1348 1727 1523 1784 Πέτρος]
1559 1727 1642 1769 Πέ-

1164 1802 1255 1839 τρος
1276 1786 1478 1839 κηρύσσει.

1166 1843 1367 1899 σῶζεται,]
1386 1843 1565 1893 σώζεται,
1579 1843 1644 1885 καὶ

1167 1900 1286 1944 αὐτὸς
1307 1901 1372 1943 καὶ
1392 1902 1413 1942 ὃ
1435 1902 1554 1944 οἶκος.

940 1969 1017 2014 173
1080 1971 1109 2011 4
1139 1957 1471 2016 νενομισμένους]
1529 1975 1641 2000 νενο-

1162 2015 1383 2068 μισμένοις.

1080 2085 1102 2127 7
1134 2073 1272 2118 δεκτὸς
1291 2099 1349 2107 —
1368 2074 1638 2129 δικαιοσύνην]

1167 2145 1252 2172 om.

1054 2200 1106 2231 12
1136 2187 1399 2246 Ἀμμωνίου.]
1419 2189 1644 2241 Ἀμμωνίου

1165 2245 1456 2300 πρεσβυτέρου.

1056 2302 1105 2344 18
1136 2304 1200 2358 δὲ]
1237 2305 1282 2345 δὲ
1301 2305 1337 2356 ἡ.

1054 2371 1105 2415 23
1137 2361 1314 2416 Ταύτας]
1363 2365 1447 2402 Τοῦ
1485 2365 1642 2415 Χρυσο-

1167 2419 1333 2470 στόμου.
1364 2419 1534 2462 Ταύτας.

942 2485 1023 2530 174
1056 2475 1107 2517 18
1135 2475 1251 2533 οὐδὲ]
1284 2474 1322 2528 ἢ.

1054 2545 1108 2576 22
1141 2531 1270 2588 ἑξῆς]
1303 2533 1435 2586 ὅμοια.

1054 2603 1106 2646 23
1137 2593 1221 2633 Τοῦ
1242 2590 1394 2646 αὐτοῦ]
1434 2594 1518 2632 Τοῦ
1537 2595 1643 2645 Χρυ-

1167 2649 1382 2701 σοστόμου.

1052 2717 1106 2761 33
1139 2704 1355 2762 Τουτέστι]
1398 2709 1483 2747 Τοῦ
1513 2706 1644 2748 αὐτοῦ.

1170 2763 1378 2806 Τουτέστι.

942 2830 1022 2876 175
1083 2832 1108 2875 3
1140 2818 1214 2875 Τί]
1246 2824 1330 2862 Τοῦ
1350 2821 1484 2865 αὐτοῦ.
1513 2823 1576 2864 Τί.

1086 2890 1111 2933 9
1145 2877 1233 2933 τοῦ]
1255 2893 1337 2920 om.

1058 2947 1110 2991 23
1142 2935 1441 2993 δηλουμένους]
1506 2939 1647 2988 δηλου-

1172 2992 1316 3047 μένους
1335 2995 1579 3048 ἀνθρώπους.

1012 3063 1037 3105 3
1062 3064 1087 3091 K
1112 3062 1135 3093 2
