<?xml version="1.0" encoding="UTF-8"?>
<!DOCTYPE html PUBLIC "-//W3C//DTD XHTML 1.0 Transitional//EN"
    "http://www.w3.org/TR/xhtml1/DTD/xhtml1-transitional.dtd">
<html xmlns="http://www.w3.org/1999/xhtml" xml:lang="en" lang="en">
 <head>
  <title>
</title>
<meta http-equiv="Content-Type" content="text/html;charset=utf-8" />
  <meta name='ocr-system' content='tesseract 3.04.00' />
  <meta name='ocr-capabilities' content='ocr_page ocr_carea ocr_par ocr_line ocrx_word'/>
</head>
<body>
  <div class='ocr_page' id='page_1' title='image "./catenaegraecorum03cramuoft_0449.png"; bbox 0 0 1962 3354; ppageno 0'>
   <div class='ocr_carea' id='block_1_1' title="bbox 621 209 1178 252">
    <p class='ocr_par' dir='ltr' id='par_1_1' title="bbox 621 209 1178 252">
     <span class='ocr_line' id='line_1_1' title="bbox 621 209 1178 252; baseline 0.002 -1"><span class='ocrx_word' id='word_1_1' title='bbox 621 209 758 251; x_wconf 89' lang='lat' dir='ltr'><strong>COD.</strong></span> <span class='ocrx_word' id='word_1_2' title='bbox 792 210 989 252; x_wconf 89' lang='lat' dir='ltr'><strong>COISL.</strong></span> <span class='ocrx_word' id='word_1_3' title='bbox 1022 209 1178 252; x_wconf 89' lang='lat' dir='ltr'><strong>XXV.</strong></span> 
     </span>
    </p>
   </div>
   <div class='ocr_carea' id='block_1_2' title="bbox 161 298 868 3050">
    <p class='ocr_par' dir='ltr' id='par_1_2' title="bbox 161 298 868 3050">
     <span class='ocr_line' id='line_1_2' title="bbox 236 298 326 326; baseline -0.011 0"><span class='ocrx_word' id='word_1_4' title='bbox 236 317 244 326; x_wconf 90' lang='lat'>.</span> <span class='ocrx_word' id='word_1_5' title='bbox 263 298 326 326; x_wconf 65' lang='lat' dir='ltr'>Idu.</span> 
     </span>
     <span class='ocr_line' id='line_1_3' title="bbox 177 299 821 389; baseline 0.005 -15"><span class='ocrx_word' id='word_1_6' title='bbox 177 299 243 389; x_wconf 57' lang='lat'>32.</span> <span class='ocrx_word' id='word_1_7' title='bbox 299 346 332 387; x_wconf 88' lang='lat'>4</span> <span class='ocrx_word' id='word_1_8' title='bbox 358 335 443 375; x_wconf 92' lang='grc' dir='ltr'>Τοῦ</span> <span class='ocrx_word' id='word_1_9' title='bbox 463 333 616 389; x_wconf 63' lang='grc' dir='ltr'>αὐτοῦ]</span> <span class='ocrx_word' id='word_1_10' title='bbox 642 337 727 376; x_wconf 94' lang='grc' dir='ltr'>Τοῦ</span> <span class='ocrx_word' id='word_1_11' title='bbox 746 338 821 388; x_wconf 92' lang='grc' dir='ltr'>Χρ.</span> 
     </span>
     <span class='ocr_line' id='line_1_4' title="bbox 276 389 810 447; baseline 0.004 -14"><span class='ocrx_word' id='word_1_12' title='bbox 276 403 327 433; x_wconf 88' lang='lat'>12</span> <span class='ocrx_word' id='word_1_13' title='bbox 359 390 523 447; x_wconf 79' lang='grc' dir='ltr'>Πολλὴ]</span> <span class='ocrx_word' id='word_1_14' title='bbox 549 389 629 434; x_wconf 69' lang='grc' dir='ltr'>Ἰώ.</span> <span class='ocrx_word' id='word_1_15' title='bbox 651 392 810 445; x_wconf 78' lang='grc' dir='ltr'>Πολλὴ.</span> 
     </span>
     <span class='ocr_line' id='line_1_5' title="bbox 273 449 732 505; baseline 0.002 -14"><span class='ocrx_word' id='word_1_16' title='bbox 273 460 327 504; x_wconf 88' lang='grc'><strong>25</strong></span> <span class='ocrx_word' id='word_1_17' title='bbox 359 449 420 493; x_wconf 78' lang='grc' dir='ltr'>οἷς</span> <span class='ocrx_word' id='word_1_18' title='bbox 437 450 557 505; x_wconf 75' lang='grc' dir='ltr'>μετὰ]</span> <span class='ocrx_word' id='word_1_19' title='bbox 580 449 626 502; x_wconf 88' lang='grc' dir='ltr'>ἧς</span> <span class='ocrx_word' id='word_1_20' title='bbox 648 467 732 492; x_wconf 89' lang='grc' dir='ltr'>κατ.</span> 
     </span>
     <span class='ocr_line' id='line_1_6' title="bbox 270 508 638 564; baseline 0 -16"><span class='ocrx_word' id='word_1_21' title='bbox 270 519 328 563; x_wconf 85' lang='grc'>30</span> <span class='ocrx_word' id='word_1_22' title='bbox 357 508 461 564; x_wconf 89' lang='grc' dir='ltr'>Τοῦ]</span> <span class='ocrx_word' id='word_1_23' title='bbox 486 511 537 549; x_wconf 86' lang='grc' dir='ltr'>Ιῶ</span> <span class='ocrx_word' id='word_1_24' title='bbox 555 511 638 549; x_wconf 90' lang='grc' dir='ltr'>τοῦ.</span> 
     </span>
     <span class='ocr_line' id='line_1_7' title="bbox 186 564 802 622; baseline 0.002 -16"><span class='ocrx_word' id='word_1_25' title='bbox 186 575 242 621; x_wconf 93' lang='grc'>95</span> <span class='ocrx_word' id='word_1_26' title='bbox 299 577 327 621; x_wconf 87' lang='grc'>5</span> <span class='ocrx_word' id='word_1_27' title='bbox 357 567 442 607; x_wconf 88' lang='grc' dir='ltr'>Τοῦ</span> <span class='ocrx_word' id='word_1_28' title='bbox 463 564 602 622; x_wconf 78' lang='grc' dir='ltr'>αὐτοῦ]</span> <span class='ocrx_word' id='word_1_29' title='bbox 625 569 708 607; x_wconf 90' lang='grc' dir='ltr'>Τοῦ</span> <span class='ocrx_word' id='word_1_30' title='bbox 728 569 802 620; x_wconf 90' lang='grc' dir='ltr'>Χρ.</span> 
     </span>
     <span class='ocr_line' id='line_1_8' title="bbox 272 619 862 678; baseline 0 -12"><span class='ocrx_word' id='word_1_31' title='bbox 272 619 862 678; x_wconf 87' lang='grc' dir='ltr'>26ἈμμωνίουΠρεσβυτέρου.</span> 
     </span>
     <span class='ocr_line' id='line_1_9' title="bbox 388 681 865 736; baseline 0.006 -13"><span class='ocrx_word' id='word_1_32' title='bbox 388 683 546 724; x_wconf 79' lang='grc' dir='ltr'>Θευδᾶς</span> <span class='ocrx_word' id='word_1_33' title='bbox 610 681 865 736; x_wconf 78' lang='grc' dir='ltr'>αῖρεσιάρχης</span> 
     </span>
     <span class='ocr_line' id='line_1_10' title="bbox 390 737 865 784; baseline 0.008 -4"><span class='ocrx_word' id='word_1_34' title='bbox 390 740 454 781; x_wconf 88' lang='grc' dir='ltr'>καὶ</span> <span class='ocrx_word' id='word_1_35' title='bbox 472 737 624 782; x_wconf 83' lang='grc' dir='ltr'>Ἰούδας</span> <span class='ocrx_word' id='word_1_36' title='bbox 649 743 865 784; x_wconf 86' lang='grc' dir='ltr'>Γαλιλαῖος</span> 
     </span>
     <span class='ocr_line' id='line_1_11' title="bbox 387 798 865 851; baseline 0.004 -12"><span class='ocrx_word' id='word_1_37' title='bbox 387 798 454 839; x_wconf 80' lang='grc' dir='ltr'>ἐπὶ</span> <span class='ocrx_word' id='word_1_38' title='bbox 490 800 569 838; x_wconf 82' lang='grc' dir='ltr'>τῶν</span> <span class='ocrx_word' id='word_1_39' title='bbox 603 799 762 851; x_wconf 85' lang='grc' dir='ltr'>χρόνων</span> <span class='ocrx_word' id='word_1_40' title='bbox 796 801 865 850; x_wconf 86' lang='grc' dir='ltr'>τῆς</span> 
     </span>
     <span class='ocr_line' id='line_1_12' title="bbox 388 855 863 909; baseline 0.002 -12"><span class='ocrx_word' id='word_1_41' title='bbox 388 855 626 909; x_wconf 80' lang='grc' dir='ltr'>ἀπογραφῆς</span> <span class='ocrx_word' id='word_1_42' title='bbox 651 857 863 907; x_wconf 86' lang='grc' dir='ltr'>κατελύθη-</span> 
     </span>
     <span class='ocr_line' id='line_1_13' title="bbox 388 911 860 970; baseline -0.002 -15"><span class='ocrx_word' id='word_1_43' title='bbox 388 930 479 955; x_wconf 85' lang='grc' dir='ltr'>σαν.</span> <span class='ocrx_word' id='word_1_44' title='bbox 513 911 723 954; x_wconf 82' lang='lat' dir='ltr'><strong>haecinfra</strong></span> <span class='ocrx_word' id='word_1_45' title='bbox 739 928 779 970; x_wconf 93' lang='lat' dir='ltr'>p.</span> <span class='ocrx_word' id='word_1_46' title='bbox 794 916 860 969; x_wconf 89' lang='lat'>96.</span> 
     </span>
     <span class='ocr_line' id='line_1_14' title="bbox 387 969 543 1013; baseline 0.013 -2"><span class='ocrx_word' id='word_1_47' title='bbox 387 969 458 1013; x_wconf 81' lang='lat' dir='ltr'><strong>lin.</strong></span> <span class='ocrx_word' id='word_1_48' title='bbox 477 984 495 1012; x_wconf 91' lang='lat'>1</span> <span class='ocrx_word' id='word_1_49' title='bbox 507 984 543 1013; x_wconf 87' lang='lat'>1.</span> 
     </span>
     <span class='ocr_line' id='line_1_15' title="bbox 270 1026 827 1084; baseline 0.007 -16"><span class='ocrx_word' id='word_1_50' title='bbox 270 1040 324 1083; x_wconf 85' lang='lat'>31</span> <span class='ocrx_word' id='word_1_51' title='bbox 357 1026 568 1084; x_wconf 76' lang='grc' dir='ltr'>Ἰώσηπος]</span> <span class='ocrx_word' id='word_1_52' title='bbox 592 1027 827 1082; x_wconf 84' lang='grc' dir='ltr'>Ἰώσηππος.</span> 
     </span>
     <span class='ocr_line' id='line_1_16' title="bbox 269 1087 659 1141; baseline 0.005 -15"><span class='ocrx_word' id='word_1_53' title='bbox 269 1097 328 1141; x_wconf 84' lang='grc'>32.</span> <span class='ocrx_word' id='word_1_54' title='bbox 359 1087 504 1141; x_wconf 87' lang='grc' dir='ltr'>φησὶν]</span> <span class='ocrx_word' id='word_1_55' title='bbox 530 1087 659 1141; x_wconf 86' lang='grc' dir='ltr'>φισὶν.</span> 
     </span>
     <span class='ocr_line' id='line_1_17' title="bbox 185 1143 839 1201; baseline 0.003 -15"><span class='ocrx_word' id='word_1_56' title='bbox 185 1143 241 1199; x_wconf 90' lang='grc'>96</span> <span class='ocrx_word' id='word_1_57' title='bbox 306 1156 325 1184; x_wconf 94' lang='grc'>1</span> <span class='ocrx_word' id='word_1_58' title='bbox 357 1143 576 1201; x_wconf 80' lang='grc' dir='ltr'>Ἰώσηπον]</span> <span class='ocrx_word' id='word_1_59' title='bbox 598 1144 839 1196; x_wconf 84' lang='grc' dir='ltr'>Ἰώσηππον.</span> 
     </span>
     <span class='ocr_line' id='line_1_18' title="bbox 302 1201 758 1257; baseline 0.004 -14"><span class='ocrx_word' id='word_1_60' title='bbox 302 1213 326 1243; x_wconf 87' lang='grc'>2</span> <span class='ocrx_word' id='word_1_61' title='bbox 357 1201 570 1257; x_wconf 85' lang='grc' dir='ltr'>Ἰουδαίας]</span> <span class='ocrx_word' id='word_1_62' title='bbox 594 1201 758 1247; x_wconf 83' lang='grc' dir='ltr'>Ἰούδας.</span> 
     </span>
     <span class='ocr_line' id='line_1_19' title="bbox 297 1260 650 1317; baseline -0.003 -15"><span class='ocrx_word' id='word_1_63' title='bbox 297 1271 330 1312; x_wconf 89' lang='grc'>4</span> <span class='ocrx_word' id='word_1_64' title='bbox 359 1260 483 1317; x_wconf 71' lang='grc' dir='ltr'>αὐτῷ]</span> <span class='ocrx_word' id='word_1_65' title='bbox 509 1260 650 1302; x_wconf 79' lang='grc' dir='ltr'>αὐτῶν.</span> 
     </span>
     <span class='ocr_line' id='line_1_20' title="bbox 301 1316 621 1375; baseline 0.003 -17"><span class='ocrx_word' id='word_1_66' title='bbox 301 1316 327 1358; x_wconf 91' lang='grc'><strong>8</strong></span> <span class='ocrx_word' id='word_1_67' title='bbox 357 1317 470 1375; x_wconf 80' lang='grc' dir='ltr'>ἴλην]</span> <span class='ocrx_word' id='word_1_68' title='bbox 495 1317 621 1370; x_wconf 81' lang='grc' dir='ltr'>εἰλὴν.</span> 
     </span>
     <span class='ocr_line' id='line_1_21' title="bbox 275 1374 536 1433; baseline 0.015 -17"><span class='ocrx_word' id='word_1_69' title='bbox 275 1387 292 1416; x_wconf 87' lang='grc'>1</span> <span class='ocrx_word' id='word_1_70' title='bbox 307 1388 321 1416; x_wconf 86' lang='grc'>1</span> <span class='ocrx_word' id='word_1_71' title='bbox 359 1374 536 1433; x_wconf 86' lang='grc' dir='ltr'>Θευδᾶς]</span> 
     </span>
     <span class='ocr_line' id='line_1_22' title="bbox 385 1436 722 1488; baseline -0.006 -12"><span class='ocrx_word' id='word_1_72' title='bbox 385 1451 503 1488; x_wconf 85' lang='grc' dir='ltr'>πρεσ.</span> <span class='ocrx_word' id='word_1_73' title='bbox 554 1436 722 1478; x_wconf 79' lang='grc' dir='ltr'>Θευδᾶς.</span> 
     </span>
     <span class='ocr_line' id='line_1_23' title="bbox 273 1490 832 1549; baseline 0 -15"><span class='ocrx_word' id='word_1_74' title='bbox 273 1502 324 1534; x_wconf 92' lang='grc'><strong>21</strong></span> <span class='ocrx_word' id='word_1_75' title='bbox 356 1490 573 1549; x_wconf 76' lang='grc' dir='ltr'>Ἰώσηπος]</span> <span class='ocrx_word' id='word_1_76' title='bbox 594 1490 832 1543; x_wconf 82' lang='grc' dir='ltr'>Ἰὤσηππος.</span> 
     </span>
     <span class='ocr_line' id='line_1_24' title="bbox 358 1547 863 1605; baseline -0.002 -14"><span class='ocrx_word' id='word_1_77' title='bbox 358 1547 622 1605; x_wconf 84' lang='grc' dir='ltr'>τελευταίοις]</span> <span class='ocrx_word' id='word_1_78' title='bbox 631 1549 863 1594; x_wconf 87' lang='grc' dir='ltr'>τελευτέοις.</span> 
     </span>
     <span class='ocr_line' id='line_1_25' title="bbox 272 1606 862 1664; baseline 0 -15"><span class='ocrx_word' id='word_1_79' title='bbox 272 1618 326 1650; x_wconf 88' lang='grc'>22</span> <span class='ocrx_word' id='word_1_80' title='bbox 359 1606 682 1664; x_wconf 72' lang='grc' dir='ltr'>ἑξαποστέλλον]</span> <span class='ocrx_word' id='word_1_81' title='bbox 721 1608 862 1659; x_wconf 78' lang='grc' dir='ltr'>ἐξαπο-</span> 
     </span>
     <span class='ocr_line' id='line_1_26' title="bbox 389 1665 630 1707; baseline 0.004 -1"><span class='ocrx_word' id='word_1_82' title='bbox 389 1665 630 1707; x_wconf 87' lang='grc' dir='ltr'>στέλλοντα.</span> 
     </span>
     <span class='ocr_line' id='line_1_27' title="bbox 269 1722 682 1779; baseline 0.002 -15"><span class='ocrx_word' id='word_1_83' title='bbox 269 1735 324 1779; x_wconf 84' lang='grc'>31</span> <span class='ocrx_word' id='word_1_84' title='bbox 359 1722 510 1779; x_wconf 82' lang='grc' dir='ltr'>αὐτοῖς]</span> <span class='ocrx_word' id='word_1_85' title='bbox 535 1723 682 1767; x_wconf 80' lang='grc' dir='ltr'>αὐταῖς.</span> 
     </span>
     <span class='ocr_line' id='line_1_28' title="bbox 269 1780 868 1837; baseline 0.002 -15"><span class='ocrx_word' id='word_1_86' title='bbox 269 1793 327 1837; x_wconf 79' lang='grc'>32</span> <span class='ocrx_word' id='word_1_87' title='bbox 359 1780 541 1837; x_wconf 80' lang='grc' dir='ltr'>ἐδόκουν]</span> <span class='ocrx_word' id='word_1_88' title='bbox 578 1782 741 1823; x_wconf 79' lang='grc' dir='ltr'>ἐδόκουν</span> <span class='ocrx_word' id='word_1_89' title='bbox 768 1784 868 1823; x_wconf 82' lang='grc' dir='ltr'>κατὰ</span> 
     </span>
     <span class='ocr_line' id='line_1_29' title="bbox 388 1839 616 1891; baseline 0 -11"><span class='ocrx_word' id='word_1_90' title='bbox 388 1839 460 1880; x_wconf 86' lang='grc' dir='ltr'>τὸν</span> <span class='ocrx_word' id='word_1_91' title='bbox 481 1841 616 1891; x_wconf 92' lang='grc' dir='ltr'>νόμον.</span> 
     </span>
     <span class='ocr_line' id='line_1_30' title="bbox 184 1897 868 1953; baseline 0.003 -16"><span class='ocrx_word' id='word_1_92' title='bbox 184 1897 240 1952; x_wconf 87' lang='grc'>98</span> <span class='ocrx_word' id='word_1_93' title='bbox 300 1909 326 1953; x_wconf 82' lang='grc'>3</span> <span class='ocrx_word' id='word_1_94' title='bbox 357 1898 770 1953; x_wconf 88' lang='grc' dir='ltr'>ΤοῦΧρυσοστόμου.]</span> <span class='ocrx_word' id='word_1_95' title='bbox 783 1900 868 1939; x_wconf 85' lang='grc' dir='ltr'>Τοῦ</span> 
     </span>
     <span class='ocr_line' id='line_1_31' title="bbox 389 1955 520 1996; baseline 0 0"><span class='ocrx_word' id='word_1_96' title='bbox 389 1955 520 1996; x_wconf 81' lang='grc' dir='ltr'>αὐτοῦ.</span> 
     </span>
     <span class='ocr_line' id='line_1_32' title="bbox 185 2013 806 2070; baseline 0 -16"><span class='ocrx_word' id='word_1_97' title='bbox 185 2026 241 2068; x_wconf 89' lang='grc'>99</span> <span class='ocrx_word' id='word_1_98' title='bbox 278 2013 328 2055; x_wconf 91' lang='grc'>18</span> <span class='ocrx_word' id='word_1_99' title='bbox 359 2016 443 2055; x_wconf 88' lang='grc' dir='ltr'>Τοῦ</span> <span class='ocrx_word' id='word_1_100' title='bbox 465 2013 604 2070; x_wconf 84' lang='grc' dir='ltr'>αὐτοῦ]</span> <span class='ocrx_word' id='word_1_101' title='bbox 627 2016 710 2055; x_wconf 90' lang='grc' dir='ltr'>Τοῦ</span> <span class='ocrx_word' id='word_1_102' title='bbox 731 2016 806 2067; x_wconf 92' lang='grc' dir='ltr'>Χρ.</span> 
     </span>
     <span class='ocr_line' id='line_1_33' title="bbox 161 2070 653 2128; baseline 0 -16"><span class='ocrx_word' id='word_1_103' title='bbox 161 2083 243 2112; x_wconf 92' lang='grc'>100</span> <span class='ocrx_word' id='word_1_104' title='bbox 275 2083 326 2127; x_wconf 84' lang='grc'><strong>25</strong></span> <span class='ocrx_word' id='word_1_105' title='bbox 360 2070 503 2128; x_wconf 84' lang='grc' dir='ltr'>ὄντως]</span> <span class='ocrx_word' id='word_1_106' title='bbox 527 2072 653 2116; x_wconf 83' lang='grc' dir='ltr'>ὄντος.</span> 
     </span>
     <span class='ocr_line' id='line_1_34' title="bbox 274 2128 743 2184; baseline 0 -13"><span class='ocrx_word' id='word_1_107' title='bbox 274 2130 329 2171; x_wconf 89' lang='grc'>26</span> <span class='ocrx_word' id='word_1_108' title='bbox 358 2128 552 2184; x_wconf 86' lang='grc' dir='ltr'>πλήρους]</span> <span class='ocrx_word' id='word_1_109' title='bbox 577 2128 743 2183; x_wconf 89' lang='grc' dir='ltr'>πλήρης.</span> 
     </span>
     <span class='ocr_line' id='line_1_35' title="bbox 162 2186 702 2244; baseline 0 -16"><span class='ocrx_word' id='word_1_110' title='bbox 162 2199 238 2228; x_wconf 88' lang='grc'>101</span> <span class='ocrx_word' id='word_1_111' title='bbox 302 2187 331 2228; x_wconf 89' lang='grc'><strong><em>6</em></strong></span> <span class='ocrx_word' id='word_1_112' title='bbox 359 2187 496 2244; x_wconf 90' lang='grc' dir='ltr'>τοῦτο]</span> <span class='ocrx_word' id='word_1_113' title='bbox 519 2190 635 2229; x_wconf 89' lang='grc' dir='ltr'>τοῦτο</span> <span class='ocrx_word' id='word_1_114' title='bbox 656 2186 702 2228; x_wconf 88' lang='grc' dir='ltr'>τὸ</span> 
     </span>
     <span class='ocr_line' id='line_1_36' title="bbox 162 2244 866 2300; baseline 0.001 -14"><span class='ocrx_word' id='word_1_115' title='bbox 162 2257 242 2288; x_wconf 87' lang='grc'>102</span> <span class='ocrx_word' id='word_1_116' title='bbox 278 2257 328 2300; x_wconf 86' lang='grc'>19</span> <span class='ocrx_word' id='word_1_117' title='bbox 358 2247 442 2286; x_wconf 88' lang='grc' dir='ltr'>Τοῦ</span> <span class='ocrx_word' id='word_1_118' title='bbox 464 2244 616 2300; x_wconf 69' lang='grc' dir='ltr'>αὑτοῦ]</span> <span class='ocrx_word' id='word_1_119' title='bbox 652 2249 735 2287; x_wconf 88' lang='grc' dir='ltr'>Τοῦ</span> <span class='ocrx_word' id='word_1_120' title='bbox 763 2249 866 2299; x_wconf 91' lang='grc' dir='ltr'>Χρυ-</span> 
     </span>
     <span class='ocr_line' id='line_1_37' title="bbox 389 2303 604 2353; baseline 0.005 -11"><span class='ocrx_word' id='word_1_121' title='bbox 389 2303 604 2353; x_wconf 90' lang='grc' dir='ltr'>σοστόμου.</span> 
     </span>
     <span class='ocr_line' id='line_1_38' title="bbox 162 2359 866 2415; baseline 0 -15"><span class='ocrx_word' id='word_1_122' title='bbox 162 2371 241 2415; x_wconf 82' lang='lat'>103</span> <span class='ocrx_word' id='word_1_123' title='bbox 308 2371 324 2400; x_wconf 92' lang='lat'>1</span> <span class='ocrx_word' id='word_1_124' title='bbox 359 2361 443 2400; x_wconf 86' lang='grc' dir='ltr'>Τοῦ</span> <span class='ocrx_word' id='word_1_125' title='bbox 458 2359 765 2413; x_wconf 80' lang='grc' dir='ltr'>Χρυσοστόμου]</span> <span class='ocrx_word' id='word_1_126' title='bbox 783 2363 866 2400; x_wconf 86' lang='grc' dir='ltr'>Τοῦ</span> 
     </span>
     <span class='ocr_line' id='line_1_39' title="bbox 390 2433 522 2458; baseline 0 0"><span class='ocrx_word' id='word_1_127' title='bbox 390 2433 522 2458; x_wconf 87' lang='grc' dir='ltr'>αυτου.</span> 
     </span>
     <span class='ocr_line' id='line_1_40' title="bbox 301 2472 867 2529; baseline 0 -14"><span class='ocrx_word' id='word_1_128' title='bbox 301 2486 332 2527; x_wconf 90' lang='grc'>4</span> <span class='ocrx_word' id='word_1_129' title='bbox 359 2472 622 2529; x_wconf 89' lang='grc' dir='ltr'>Ἀμμωνίου.]</span> <span class='ocrx_word' id='word_1_130' title='bbox 640 2472 867 2527; x_wconf 85' lang='grc' dir='ltr'>Ἀμμωνίου</span> 
     </span>
     <span class='ocr_line' id='line_1_41' title="bbox 388 2531 676 2586; baseline -0.003 -13"><span class='ocrx_word' id='word_1_131' title='bbox 388 2531 676 2586; x_wconf 86' lang='grc' dir='ltr'>πρεσβυτέρου.</span> 
     </span>
     <span class='ocr_line' id='line_1_42' title="bbox 278 2589 866 2645; baseline -0.002 -15"><span class='ocrx_word' id='word_1_132' title='bbox 278 2602 329 2645; x_wconf 88' lang='grc'>19</span> <span class='ocrx_word' id='word_1_133' title='bbox 361 2589 517 2645; x_wconf 78' lang='grc' dir='ltr'>Οὕτως]</span> <span class='ocrx_word' id='word_1_134' title='bbox 536 2592 620 2630; x_wconf 87' lang='grc' dir='ltr'>Τοῦ</span> <span class='ocrx_word' id='word_1_135' title='bbox 635 2590 866 2643; x_wconf 86' lang='grc' dir='ltr'>Χρυσοστό-</span> 
     </span>
     <span class='ocr_line' id='line_1_43' title="bbox 388 2648 672 2699; baseline -0.004 -10"><span class='ocrx_word' id='word_1_136' title='bbox 388 2664 477 2699; x_wconf 89' lang='grc' dir='ltr'>μου.</span> <span class='ocrx_word' id='word_1_137' title='bbox 524 2648 672 2690; x_wconf 80' lang='grc' dir='ltr'>Οὕτως.</span> 
     </span>
     <span class='ocr_line' id='line_1_44' title="bbox 272 2702 725 2761; baseline -0.004 -14"><span class='ocrx_word' id='word_1_138' title='bbox 272 2718 331 2761; x_wconf 82' lang='lat'>30</span> <span class='ocrx_word' id='word_1_139' title='bbox 362 2704 485 2761; x_wconf 89' lang='grc' dir='ltr'>Μετ’]</span> <span class='ocrx_word' id='word_1_140' title='bbox 502 2702 610 2758; x_wconf 65' lang='grc' dir='ltr'>’Όρα</span> <span class='ocrx_word' id='word_1_141' title='bbox 628 2703 725 2757; x_wconf 88' lang='grc' dir='ltr'>μετ’.</span> 
     </span>
     <span class='ocr_line' id='line_1_45' title="bbox 163 2763 867 2817; baseline -0.003 -12"><span class='ocrx_word' id='word_1_142' title='bbox 163 2777 244 2817; x_wconf 83' lang='grc'>104</span> <span class='ocrx_word' id='word_1_143' title='bbox 304 2764 328 2805; x_wconf 91' lang='lat'>8</span> <span class='ocrx_word' id='word_1_144' title='bbox 362 2763 584 2817; x_wconf 87' lang='grc' dir='ltr'>Κυρίλλου]</span> <span class='ocrx_word' id='word_1_145' title='bbox 638 2765 721 2804; x_wconf 90' lang='grc' dir='ltr'>Τοῦ</span> <span class='ocrx_word' id='word_1_146' title='bbox 752 2763 867 2816; x_wconf 84' lang='grc' dir='ltr'>ἁγίου</span> 
     </span>
     <span class='ocr_line' id='line_1_46' title="bbox 391 2821 605 2874; baseline -0.005 -12"><span class='ocrx_word' id='word_1_147' title='bbox 391 2821 605 2874; x_wconf 86' lang='grc' dir='ltr'>Κυρίλλου.</span> 
     </span>
     <span class='ocr_line' id='line_1_47' title="bbox 302 2877 797 2934; baseline -0.002 -14"><span class='ocrx_word' id='word_1_148' title='bbox 302 2891 328 2932; x_wconf 91' lang='grc'>9</span> <span class='ocrx_word' id='word_1_149' title='bbox 359 2877 595 2934; x_wconf 86' lang='grc' dir='ltr'>μονονουχὶ]</span> <span class='ocrx_word' id='word_1_150' title='bbox 617 2878 797 2932; x_wconf 86' lang='grc' dir='ltr'>μονουχὶ.</span> 
     </span>
     <span class='ocr_line' id='line_1_48' title="bbox 275 2934 555 2992; baseline -0.007 -15"><span class='ocrx_word' id='word_1_151' title='bbox 275 2947 327 2992; x_wconf 80' lang='grc'>23</span> <span class='ocrx_word' id='word_1_152' title='bbox 360 2934 449 2992; x_wconf 87' lang='grc' dir='ltr'>τοῦ]</span> <span class='ocrx_word' id='word_1_153' title='bbox 473 2950 555 2976; x_wconf 87' lang='lat' dir='ltr'>om.</span> 
     </span>
     <span class='ocr_line' id='line_1_49' title="bbox 276 2992 714 3050; baseline -0.002 -15"><span class='ocrx_word' id='word_1_154' title='bbox 276 3005 329 3047; x_wconf 79' lang='lat'>25</span> <span class='ocrx_word' id='word_1_155' title='bbox 361 2997 429 3035; x_wconf 84' lang='grc' dir='ltr'>τοῦ</span> <span class='ocrx_word' id='word_1_156' title='bbox 451 2992 540 3050; x_wconf 89' lang='grc' dir='ltr'>τὸν]</span> <span class='ocrx_word' id='word_1_157' title='bbox 563 2995 714 3035; x_wconf 84' lang='grc' dir='ltr'>τοῦτον.</span> 
     </span>
    </p>
   </div>
   <div class='ocr_carea' id='block_1_3' title="bbox 638 1374 864 1428">
    <p class='ocr_par' dir='ltr' id='par_1_3' title="bbox 638 1374 864 1428">
     <span class='ocr_line' id='line_1_50' title="bbox 638 1374 864 1428; baseline 0.004 -11"><span class='ocrx_word' id='word_1_158' title='bbox 638 1374 864 1428; x_wconf 86' lang='grc' dir='ltr'>Ἀμμωνίου</span> 
     </span>
    </p>
   </div>
   <div class='ocr_carea' id='block_1_4' title="bbox 1550 212 1631 255">
    <p class='ocr_par' dir='ltr' id='par_1_4' title="bbox 1550 212 1631 255">
     <span class='ocr_line' id='line_1_51' title="bbox 1550 212 1631 255; baseline -0.012 0"><span class='ocrx_word' id='word_1_159' title='bbox 1550 212 1631 255; x_wconf 77' lang='grc'>431</span> 
     </span>
    </p>
   </div>
   <div class='ocr_carea' id='block_1_5' title="bbox 926 300 1636 3048">
    <p class='ocr_par' dir='ltr' id='par_1_5' title="bbox 926 300 1636 3048">
     <span class='ocr_line' id='line_1_52' title="bbox 999 300 1098 327; baseline -0.02 0"><span class='ocrx_word' id='word_1_160' title='bbox 999 320 1005 327; x_wconf 93' lang='grc'>.</span> <span class='ocrx_word' id='word_1_161' title='bbox 1035 300 1098 326; x_wconf 75' lang='lat' dir='ltr'>mn.</span> 
     </span>
     <span class='ocr_line' id='line_1_53' title="bbox 928 332 1432 390; baseline 0.002 -14"><span class='ocrx_word' id='word_1_162' title='bbox 928 347 1009 387; x_wconf 87' lang='lat'>104</span> <span class='ocrx_word' id='word_1_163' title='bbox 1041 334 1096 377; x_wconf 88' lang='lat'>26</span> <span class='ocrx_word' id='word_1_164' title='bbox 1127 332 1269 390; x_wconf 86' lang='grc' dir='ltr'>νόμον]</span> <span class='ocrx_word' id='word_1_165' title='bbox 1294 335 1432 387; x_wconf 88' lang='grc' dir='ltr'>νόμον.</span> 
     </span>
     <span class='ocr_line' id='line_1_54' title="bbox 929 392 1546 450; baseline 0.002 -16"><span class='ocrx_word' id='word_1_166' title='bbox 929 405 1008 449; x_wconf 92' lang='grc'>105</span> <span class='ocrx_word' id='word_1_167' title='bbox 1045 404 1096 435; x_wconf 91' lang='grc'>12</span> <span class='ocrx_word' id='word_1_168' title='bbox 1128 395 1210 435; x_wconf 85' lang='grc' dir='ltr'>τοῖς</span> <span class='ocrx_word' id='word_1_169' title='bbox 1229 392 1438 450; x_wconf 85' lang='grc' dir='ltr'>τοιούτοις]</span> <span class='ocrx_word' id='word_1_170' title='bbox 1460 408 1546 435; x_wconf 88' lang='lat' dir='ltr'>om.</span> 
     </span>
     <span class='ocr_line' id='line_1_55' title="bbox 1042 449 1631 506; baseline 0.008 -16"><span class='ocrx_word' id='word_1_171' title='bbox 1042 462 1097 503; x_wconf 89' lang='lat'>14</span> <span class='ocrx_word' id='word_1_172' title='bbox 1126 449 1471 506; x_wconf 84' lang='grc' dir='ltr'>Παντὶ]Διδύμον.</span> <span class='ocrx_word' id='word_1_173' title='bbox 1486 452 1631 495; x_wconf 89' lang='grc' dir='ltr'>Παντί.</span> 
     </span>
     <span class='ocr_line' id='line_1_56' title="bbox 1043 505 1516 564; baseline 0.006 -16"><span class='ocrx_word' id='word_1_174' title='bbox 1043 519 1091 563; x_wconf 94' lang='grc'>15</span> <span class='ocrx_word' id='word_1_175' title='bbox 1126 505 1172 548; x_wconf 88' lang='grc' dir='ltr'>δι’</span> <span class='ocrx_word' id='word_1_176' title='bbox 1191 507 1330 564; x_wconf 81' lang='grc' dir='ltr'>αὐτοῦ]</span> <span class='ocrx_word' id='word_1_177' title='bbox 1354 511 1417 551; x_wconf 79' lang='grc' dir='ltr'>διὰ</span> <span class='ocrx_word' id='word_1_178' title='bbox 1432 512 1516 551; x_wconf 83' lang='grc' dir='ltr'>τοῦ.</span> 
     </span>
     <span class='ocr_line' id='line_1_57' title="bbox 1042 564 1547 622; baseline 0.01 -17"><span class='ocrx_word' id='word_1_179' title='bbox 1042 576 1089 617; x_wconf 88' lang='grc'>17</span> <span class='ocrx_word' id='word_1_180' title='bbox 1125 564 1332 622; x_wconf 83' lang='grc' dir='ltr'>ὠφθέντα]</span> <span class='ocrx_word' id='word_1_181' title='bbox 1355 566 1547 620; x_wconf 86' lang='grc' dir='ltr'>ὀφθέντα.</span> 
     </span>
     <span class='ocr_line' id='line_1_58' title="bbox 1043 621 1634 681; baseline 0.007 -18"><span class='ocrx_word' id='word_1_182' title='bbox 1043 635 1093 677; x_wconf 94' lang='lat'>19</span> <span class='ocrx_word' id='word_1_183' title='bbox 1125 621 1206 664; x_wconf 83' lang='grc' dir='ltr'>ἀπὸ</span> <span class='ocrx_word' id='word_1_184' title='bbox 1229 625 1408 681; x_wconf 85' lang='grc' dir='ltr'>Πατρὸς]</span> <span class='ocrx_word' id='word_1_185' title='bbox 1449 625 1527 667; x_wconf 86' lang='grc' dir='ltr'>ἀπὸ</span> <span class='ocrx_word' id='word_1_186' title='bbox 1562 629 1634 667; x_wconf 89' lang='grc' dir='ltr'>τοῦ</span> 
     </span>
     <span class='ocr_line' id='line_1_59' title="bbox 1154 681 1331 734; baseline 0.011 -13"><span class='ocrx_word' id='word_1_187' title='bbox 1154 681 1331 734; x_wconf 84' lang='grc' dir='ltr'>Πατρὸς.</span> 
     </span>
     <span class='ocr_line' id='line_1_60' title="bbox 926 740 1635 796; baseline 0.003 -15"><span class='ocrx_word' id='word_1_188' title='bbox 926 741 1008 782; x_wconf 92' lang='lat'>106</span> <span class='ocrx_word' id='word_1_189' title='bbox 1040 748 1092 793; x_wconf 89' lang='grc'>27</span> <span class='ocrx_word' id='word_1_190' title='bbox 1127 740 1416 796; x_wconf 87' lang='grc' dir='ltr'>παρεπίδημος]</span> <span class='ocrx_word' id='word_1_191' title='bbox 1459 740 1635 795; x_wconf 89' lang='grc' dir='ltr'>παρεπή-</span> 
     </span>
     <span class='ocr_line' id='line_1_61' title="bbox 1153 805 1284 854; baseline -0.015 -11"><span class='ocrx_word' id='word_1_192' title='bbox 1153 805 1284 854; x_wconf 90' lang='grc' dir='ltr'>δημος.</span> 
     </span>
     <span class='ocr_line' id='line_1_62' title="bbox 1038 858 1299 916; baseline -0.008 -16"><span class='ocrx_word' id='word_1_193' title='bbox 1038 872 1096 913; x_wconf 88' lang='lat'>30</span> <span class='ocrx_word' id='word_1_194' title='bbox 1127 858 1194 916; x_wconf 83' lang='grc' dir='ltr'>τῇ]</span> <span class='ocrx_word' id='word_1_195' title='bbox 1218 873 1299 900; x_wconf 88' lang='lat' dir='ltr'>om.</span> 
     </span>
     <span class='ocr_line' id='line_1_63' title="bbox 929 913 1634 972; baseline -0.003 -15"><span class='ocrx_word' id='word_1_196' title='bbox 929 929 1004 971; x_wconf 87' lang='lat'>107</span> <span class='ocrx_word' id='word_1_197' title='bbox 1043 930 1092 972; x_wconf 92' lang='lat'>17</span> <span class='ocrx_word' id='word_1_198' title='bbox 1128 913 1367 971; x_wconf 70' lang='grc' dir='ltr'>Εὐσεβίου]</span> <span class='ocrx_word' id='word_1_199' title='bbox 1429 914 1634 967; x_wconf 85' lang='grc' dir='ltr'>Εὗσεβίου</span> 
     </span>
     <span class='ocr_line' id='line_1_64' title="bbox 1157 973 1549 1025; baseline -0.005 -9"><span class='ocrx_word' id='word_1_200' title='bbox 1157 975 1376 1016; x_wconf 84' lang='grc' dir='ltr'>ἐπισκόπου</span> <span class='ocrx_word' id='word_1_201' title='bbox 1397 973 1549 1025; x_wconf 78' lang='grc' dir='ltr'>ἐμίσης.</span> 
     </span>
     <span class='ocr_line' id='line_1_65' title="bbox 1047 1031 1258 1089; baseline 0 -16"><span class='ocrx_word' id='word_1_202' title='bbox 1047 1033 1094 1074; x_wconf 90' lang='grc'>18</span> <span class='ocrx_word' id='word_1_203' title='bbox 1125 1031 1200 1089; x_wconf 75' lang='grc' dir='ltr'>τῷ]</span> <span class='ocrx_word' id='word_1_204' title='bbox 1224 1034 1258 1074; x_wconf 84' lang='grc' dir='ltr'>ὁ.</span> 
     </span>
     <span class='ocr_line' id='line_1_66' title="bbox 1042 1086 1433 1145; baseline -0.008 -12"><span class='ocrx_word' id='word_1_205' title='bbox 1042 1104 1090 1133; x_wconf 89' lang='grc'>21</span> <span class='ocrx_word' id='word_1_206' title='bbox 1126 1087 1356 1145; x_wconf 86' lang='grc' dir='ltr'>τριάκοντα]</span> <span class='ocrx_word' id='word_1_207' title='bbox 1379 1086 1433 1130; x_wconf 81' lang='grc' dir='ltr'>λ’.</span> 
     </span>
     <span class='ocr_line' id='line_1_67' title="bbox 1041 1146 1460 1201; baseline -0.01 -10"><span class='ocrx_word' id='word_1_208' title='bbox 1041 1161 1094 1191; x_wconf 86' lang='grc'>22</span> <span class='ocrx_word' id='word_1_209' title='bbox 1126 1146 1161 1190; x_wconf 89' lang='lat' dir='ltr'>v&#39;</span> <span class='ocrx_word' id='word_1_210' title='bbox 1206 1147 1460 1201; x_wconf 87' lang='grc' dir='ltr'>τετρακόσια.</span> 
     </span>
     <span class='ocr_line' id='line_1_68' title="bbox 1042 1147 1487 1262; baseline -0.002 -16"><span class='ocrx_word' id='word_1_211' title='bbox 1042 1218 1092 1262; x_wconf 81' lang='grc'>23</span> <span class='ocrx_word' id='word_1_212' title='bbox 1126 1147 1183 1262; x_wconf 81' lang='grc' dir='ltr'>ν’]</span> <span class='ocrx_word' id='word_1_213' title='bbox 1208 1205 1487 1258; x_wconf 89' lang='grc' dir='ltr'>τετρακοσίων.</span> 
     </span>
     <span class='ocr_line' id='line_1_69' title="bbox 1042 1260 1457 1319; baseline -0.01 -12"><span class='ocrx_word' id='word_1_214' title='bbox 1042 1276 1098 1317; x_wconf 90' lang='grc'>24</span> <span class='ocrx_word' id='word_1_215' title='bbox 1126 1261 1182 1319; x_wconf 82' lang='grc' dir='ltr'>υ’]</span> <span class='ocrx_word' id='word_1_216' title='bbox 1207 1260 1457 1316; x_wconf 87' lang='grc' dir='ltr'>τετρακόσια.</span> 
     </span>
     <span class='ocr_line' id='line_1_70' title="bbox 1125 1319 1300 1362; baseline 0 0"><span class='ocrx_word' id='word_1_217' title='bbox 1125 1319 1165 1362; x_wconf 84' lang='grc' dir='ltr'>λ’</span> <span class='ocrx_word' id='word_1_218' title='bbox 1209 1325 1300 1362; x_wconf 88' lang='grc' dir='ltr'>λτα.</span> 
     </span>
     <span class='ocr_line' id='line_1_71' title="bbox 1042 1320 1634 1436; baseline -0.005 -15"><span class='ocrx_word' id='word_1_219' title='bbox 1042 1389 1095 1435; x_wconf 85' lang='grc'><strong>25</strong></span> <span class='ocrx_word' id='word_1_220' title='bbox 1127 1320 1187 1436; x_wconf 72' lang='grc' dir='ltr'>ἅ]</span> <span class='ocrx_word' id='word_1_221' title='bbox 1218 1380 1516 1431; x_wconf 82' lang='grc' dir='ltr'>ἑβδομηκοστοῦ</span> <span class='ocrx_word' id='word_1_222' title='bbox 1537 1375 1634 1429; x_wconf 85' lang='grc' dir='ltr'>πέμ-</span> 
     </span>
     <span class='ocr_line' id='line_1_72' title="bbox 1155 1435 1634 1479; baseline -0.004 -1"><span class='ocrx_word' id='word_1_223' title='bbox 1155 1453 1255 1478; x_wconf 92' lang='grc' dir='ltr'>πτου</span> <span class='ocrx_word' id='word_1_224' title='bbox 1291 1435 1405 1479; x_wconf 86' lang='grc' dir='ltr'>ἔτους</span> <span class='ocrx_word' id='word_1_225' title='bbox 1441 1435 1515 1478; x_wconf 83' lang='grc' dir='ltr'>ἕως</span> <span class='ocrx_word' id='word_1_226' title='bbox 1547 1435 1634 1476; x_wconf 80' lang='grc' dir='ltr'>ἑκα-</span> 
     </span>
     <span class='ocr_line' id='line_1_73' title="bbox 1156 1493 1636 1545; baseline -0.002 -10"><span class='ocrx_word' id='word_1_227' title='bbox 1156 1496 1300 1535; x_wconf 89' lang='grc' dir='ltr'>τοστοῦ</span> <span class='ocrx_word' id='word_1_228' title='bbox 1332 1493 1455 1544; x_wconf 84' lang='grc' dir='ltr'>ἔτους,</span> <span class='ocrx_word' id='word_1_229' title='bbox 1484 1493 1551 1545; x_wconf 80' lang='grc' dir='ltr'>ἔτη</span> <span class='ocrx_word' id='word_1_230' title='bbox 1583 1495 1636 1534; x_wconf 85' lang='grc' dir='ltr'>εἰ-</span> 
     </span>
     <span class='ocr_line' id='line_1_74' title="bbox 1158 1549 1380 1593; baseline -0.009 0"><span class='ocrx_word' id='word_1_231' title='bbox 1158 1549 1380 1593; x_wconf 88' lang='grc' dir='ltr'>κοσιπέντε.</span> 
     </span>
     <span class='ocr_line' id='line_1_75' title="bbox 1042 1606 1440 1665; baseline -0.005 0"><span class='ocrx_word' id='word_1_232' title='bbox 1042 1611 1096 1652; x_wconf 84' lang='lat'>26</span> <span class='ocrx_word' id='word_1_233' title='bbox 1127 1607 1224 1665; x_wconf 56' lang='lat'>502]</span> <span class='ocrx_word' id='word_1_234' title='bbox 1247 1606 1309 1661; x_wconf 70' lang='lat' dir='ltr'>ner</span> <span class='ocrx_word' id='word_1_235' title='bbox 1334 1609 1440 1663; x_wconf 90' lang='lat'>(99)-</span> 
     </span>
     <span class='ocr_line' id='line_1_76' title="bbox 1043 1665 1434 1723; baseline -0.005 -14"><span class='ocrx_word' id='word_1_236' title='bbox 1043 1668 1095 1709; x_wconf 89' lang='lat'>28</span> <span class='ocrx_word' id='word_1_237' title='bbox 1127 1665 1188 1723; x_wconf 87' lang='grc' dir='ltr'>λ’]</span> <span class='ocrx_word' id='word_1_238' title='bbox 1212 1665 1434 1720; x_wconf 86' lang='grc' dir='ltr'>τριάκοντα.</span> 
     </span>
     <span class='ocr_line' id='line_1_77' title="bbox 1073 1722 1568 1780; baseline -0.004 -13"><span class='ocrx_word' id='word_1_239' title='bbox 1073 1739 1091 1767; x_wconf 92' lang='grc'>1</span> <span class='ocrx_word' id='word_1_240' title='bbox 1129 1722 1464 1780; x_wconf 85' lang='grc' dir='ltr'>ἇρχιεπισκόπου]</span> <span class='ocrx_word' id='word_1_241' title='bbox 1487 1738 1568 1766; x_wconf 90' lang='lat' dir='ltr'>om.</span> 
     </span>
     <span class='ocr_line' id='line_1_78' title="bbox 1129 1781 1612 1839; baseline -0.002 -16"><span class='ocrx_word' id='word_1_242' title='bbox 1129 1783 1173 1824; x_wconf 81' lang='grc' dir='ltr'>ἐκ</span> <span class='ocrx_word' id='word_1_243' title='bbox 1193 1781 1312 1839; x_wconf 87' lang='grc' dir='ltr'>πρὸς]</span> <span class='ocrx_word' id='word_1_244' title='bbox 1337 1783 1381 1823; x_wconf 88' lang='grc' dir='ltr'>ε’κ</span> <span class='ocrx_word' id='word_1_245' title='bbox 1401 1785 1479 1823; x_wconf 83' lang='grc' dir='ltr'>τῶν</span> <span class='ocrx_word' id='word_1_246' title='bbox 1499 1781 1612 1835; x_wconf 86' lang='grc' dir='ltr'>πρὸς.</span> 
     </span>
     <span class='ocr_line' id='line_1_79' title="bbox 1073 1839 1575 1895; baseline -0.002 -13"><span class='ocrx_word' id='word_1_247' title='bbox 1073 1852 1095 1895; x_wconf 93' lang='grc'><strong><em>7</em></strong></span> <span class='ocrx_word' id='word_1_248' title='bbox 1130 1839 1344 1895; x_wconf 86' lang='grc' dir='ltr'>ἀδελφαῖς]</span> <span class='ocrx_word' id='word_1_249' title='bbox 1370 1840 1575 1894; x_wconf 85' lang='grc' dir='ltr'>ἀδελφοῖς.</span> 
     </span>
     <span class='ocr_line' id='line_1_80' title="bbox 1047 1897 1409 1954; baseline -0.006 -13"><span class='ocrx_word' id='word_1_250' title='bbox 1047 1912 1100 1941; x_wconf 83' lang='grc'>10</span> <span class='ocrx_word' id='word_1_251' title='bbox 1131 1897 1268 1954; x_wconf 86' lang='grc' dir='ltr'>φησὶ,]</span> <span class='ocrx_word' id='word_1_252' title='bbox 1292 1898 1409 1951; x_wconf 87' lang='grc' dir='ltr'>φασὶ.</span> 
     </span>
     <span class='ocr_line' id='line_1_81' title="bbox 1044 1955 1597 2013; baseline -0.005 -14"><span class='ocrx_word' id='word_1_253' title='bbox 1044 1968 1094 2013; x_wconf 80' lang='grc'>23</span> <span class='ocrx_word' id='word_1_254' title='bbox 1127 1956 1338 2011; x_wconf 82' lang='grc' dir='ltr'>Ἰώσηπος]</span> <span class='ocrx_word' id='word_1_255' title='bbox 1363 1955 1597 2008; x_wconf 81' lang='grc' dir='ltr'>Ἰώσηππος.</span> 
     </span>
     <span class='ocr_line' id='line_1_82' title="bbox 1076 2012 1320 2070; baseline -0.008 -14"><span class='ocrx_word' id='word_1_256' title='bbox 1076 2028 1092 2056; x_wconf 92' lang='lat'>1</span> <span class='ocrx_word' id='word_1_257' title='bbox 1128 2012 1215 2070; x_wconf 81' lang='grc' dir='ltr'>τῆς]</span> <span class='ocrx_word' id='word_1_258' title='bbox 1239 2027 1320 2054; x_wconf 92' lang='lat' dir='ltr'>om.</span> 
     </span>
     <span class='ocr_line' id='line_1_83' title="bbox 1072 2069 1613 2128; baseline -0.006 -13"><span class='ocrx_word' id='word_1_259' title='bbox 1072 2085 1096 2115; x_wconf 87' lang='grc'><strong>2</strong></span> <span class='ocrx_word' id='word_1_260' title='bbox 1127 2070 1363 2128; x_wconf 78' lang='grc' dir='ltr'>ἀνεδέξατο]</span> <span class='ocrx_word' id='word_1_261' title='bbox 1387 2069 1613 2122; x_wconf 83' lang='grc' dir='ltr'>ἐπεδέξατο.</span> 
     </span>
     <span class='ocr_line' id='line_1_84' title="bbox 1044 2128 1636 2185; baseline -0.007 -11"><span class='ocrx_word' id='word_1_262' title='bbox 1044 2131 1096 2174; x_wconf 88' lang='grc'>28</span> <span class='ocrx_word' id='word_1_263' title='bbox 1127 2128 1350 2185; x_wconf 89' lang='grc' dir='ltr'>Ἰωάννου.]</span> <span class='ocrx_word' id='word_1_264' title='bbox 1375 2132 1458 2171; x_wconf 84' lang='grc' dir='ltr'>Τοῦ</span> <span class='ocrx_word' id='word_1_265' title='bbox 1479 2132 1636 2182; x_wconf 90' lang='grc' dir='ltr'>Χρυσο-</span> 
     </span>
     <span class='ocr_line' id='line_1_85' title="bbox 1157 2185 1318 2240; baseline 0 -12"><span class='ocrx_word' id='word_1_266' title='bbox 1157 2185 1318 2240; x_wconf 86' lang='grc' dir='ltr'>στόμου.</span> 
     </span>
     <span class='ocr_line' id='line_1_86' title="bbox 1045 2242 1634 2300; baseline 0.002 -15"><span class='ocrx_word' id='word_1_267' title='bbox 1045 2258 1096 2300; x_wconf 91' lang='grc'>15</span> <span class='ocrx_word' id='word_1_268' title='bbox 1129 2244 1396 2300; x_wconf 85' lang='grc' dir='ltr'>Σημειωτέον]</span> <span class='ocrx_word' id='word_1_269' title='bbox 1474 2242 1634 2297; x_wconf 88' lang='grc' dir='ltr'>Ἀμμω-</span> 
     </span>
     <span class='ocr_line' id='line_1_87' title="bbox 1158 2301 1556 2354; baseline -0.003 -10"><span class='ocrx_word' id='word_1_270' title='bbox 1158 2304 1258 2345; x_wconf 89' lang='grc' dir='ltr'>νίου.</span> <span class='ocrx_word' id='word_1_271' title='bbox 1294 2301 1556 2354; x_wconf 85' lang='grc' dir='ltr'>Σημειωτέον.</span> 
     </span>
     <span class='ocr_line' id='line_1_88' title="bbox 1043 2360 1634 2416; baseline 0 -14"><span class='ocrx_word' id='word_1_272' title='bbox 1043 2371 1096 2403; x_wconf 87' lang='grc'>22</span> <span class='ocrx_word' id='word_1_273' title='bbox 1127 2360 1230 2416; x_wconf 87' lang='grc' dir='ltr'>Τοῦ]</span> <span class='ocrx_word' id='word_1_274' title='bbox 1250 2363 1334 2401; x_wconf 86' lang='grc' dir='ltr'>Τοῦ</span> <span class='ocrx_word' id='word_1_275' title='bbox 1349 2360 1465 2413; x_wconf 82' lang='grc' dir='ltr'>ἁγίου</span> <span class='ocrx_word' id='word_1_276' title='bbox 1488 2365 1531 2400; x_wconf 87' lang='grc' dir='ltr'>ιῶ</span> <span class='ocrx_word' id='word_1_277' title='bbox 1550 2363 1634 2402; x_wconf 89' lang='grc' dir='ltr'>τοῦ.</span> 
     </span>
     <span class='ocr_line' id='line_1_89' title="bbox 1043 2415 1634 2472; baseline 0.002 -13"><span class='ocrx_word' id='word_1_278' title='bbox 1043 2429 1095 2470; x_wconf 86' lang='grc'>29</span> <span class='ocrx_word' id='word_1_279' title='bbox 1127 2415 1538 2472; x_wconf 80' lang='grc' dir='ltr'>ΤοῦΧρυσοστόμου.]</span> <span class='ocrx_word' id='word_1_280' title='bbox 1551 2432 1634 2460; x_wconf 89' lang='lat' dir='ltr'>om.</span> 
     </span>
     <span class='ocr_line' id='line_1_90' title="bbox 1069 2473 1455 2531; baseline -0.003 -15"><span class='ocrx_word' id='word_1_281' title='bbox 1069 2487 1098 2527; x_wconf 92' lang='lat'><strong>4</strong></span> <span class='ocrx_word' id='word_1_282' title='bbox 1127 2477 1212 2516; x_wconf 86' lang='grc' dir='ltr'>Τοῦ</span> <span class='ocrx_word' id='word_1_283' title='bbox 1232 2473 1373 2531; x_wconf 81' lang='grc' dir='ltr'>αὐτοῦ]</span> <span class='ocrx_word' id='word_1_284' title='bbox 1398 2479 1455 2515; x_wconf 86' lang='grc' dir='ltr'>ιῶ.</span> 
     </span>
     <span class='ocr_line' id='line_1_91' title="bbox 1071 2530 1633 2589; baseline -0.002 -16"><span class='ocrx_word' id='word_1_285' title='bbox 1071 2532 1096 2573; x_wconf 90' lang='grc'><strong>8</strong></span> <span class='ocrx_word' id='word_1_286' title='bbox 1127 2530 1209 2584; x_wconf 86' lang='grc' dir='ltr'>μετ’</span> <span class='ocrx_word' id='word_1_287' title='bbox 1233 2532 1374 2589; x_wconf 88' lang='grc' dir='ltr'>ὀλίγα]</span> <span class='ocrx_word' id='word_1_288' title='bbox 1396 2530 1482 2584; x_wconf 93' lang='grc' dir='ltr'>μεθ’</span> <span class='ocrx_word' id='word_1_289' title='bbox 1506 2531 1633 2584; x_wconf 84' lang='grc' dir='ltr'>ἔτερα.</span> 
     </span>
     <span class='ocr_line' id='line_1_92' title="bbox 1046 2589 1635 2646; baseline 0 -16"><span class='ocrx_word' id='word_1_290' title='bbox 1046 2590 1096 2630; x_wconf 91' lang='grc'>16</span> <span class='ocrx_word' id='word_1_291' title='bbox 1129 2589 1353 2646; x_wconf 85' lang='grc' dir='ltr'>Εὐσεβίου]</span> <span class='ocrx_word' id='word_1_292' title='bbox 1378 2590 1581 2641; x_wconf 84' lang='grc' dir='ltr'>Εὗσεβίου</span> <span class='ocrx_word' id='word_1_293' title='bbox 1598 2590 1635 2630; x_wconf 85' lang='grc' dir='ltr'>ε’-</span> 
     </span>
     <span class='ocr_line' id='line_1_93' title="bbox 1156 2645 1369 2688; baseline 0 0"><span class='ocrx_word' id='word_1_294' title='bbox 1156 2645 1369 2688; x_wconf 87' lang='grc' dir='ltr'>πισκόπου.</span> 
     </span>
     <span class='ocr_line' id='line_1_94' title="bbox 1045 2705 1304 2761; baseline 0.004 -16"><span class='ocrx_word' id='word_1_295' title='bbox 1045 2716 1098 2756; x_wconf 85' lang='lat'>24</span> <span class='ocrx_word' id='word_1_296' title='bbox 1128 2705 1195 2761; x_wconf 82' lang='grc' dir='ltr'>τῇ]</span> <span class='ocrx_word' id='word_1_297' title='bbox 1220 2719 1304 2746; x_wconf 88' lang='lat' dir='ltr'>om.</span> 
     </span>
     <span class='ocr_line' id='line_1_95' title="bbox 1128 2762 1631 2818; baseline -0.002 -15"><span class='ocrx_word' id='word_1_298' title='bbox 1128 2762 1349 2818; x_wconf 87' lang='grc' dir='ltr'>ἀγνοούσῃ]</span> <span class='ocrx_word' id='word_1_299' title='bbox 1363 2762 1565 2816; x_wconf 86' lang='grc' dir='ltr'>ἀγνοούσῃ</span> <span class='ocrx_word' id='word_1_300' title='bbox 1573 2763 1631 2818; x_wconf 81' lang='grc' dir='ltr'>τῇ.</span> 
     </span>
     <span class='ocr_line' id='line_1_96' title="bbox 1047 2820 1287 2875; baseline 0 -15"><span class='ocrx_word' id='word_1_301' title='bbox 1047 2833 1097 2874; x_wconf 90' lang='grc'>19</span> <span class='ocrx_word' id='word_1_302' title='bbox 1129 2820 1192 2874; x_wconf 90' lang='grc' dir='ltr'>τὸ]</span> <span class='ocrx_word' id='word_1_303' title='bbox 1220 2820 1287 2875; x_wconf 76' lang='grc' dir='ltr'>τῷ.</span> 
     </span>
     <span class='ocr_line' id='line_1_97' title="bbox 1043 2875 1635 2933; baseline -0.003 -13"><span class='ocrx_word' id='word_1_304' title='bbox 1043 2889 1094 2933; x_wconf 87' lang='grc'><strong>23</strong></span> <span class='ocrx_word' id='word_1_305' title='bbox 1127 2876 1399 2932; x_wconf 82' lang='grc' dir='ltr'>ὑπερέβαλον]</span> <span class='ocrx_word' id='word_1_306' title='bbox 1411 2875 1635 2930; x_wconf 82' lang='grc' dir='ltr'>ὑπερέβαλ-</span> 
     </span>
     <span class='ocr_line' id='line_1_98' title="bbox 1158 2939 1249 2977; baseline 0.022 -2"><span class='ocrx_word' id='word_1_307' title='bbox 1158 2939 1249 2977; x_wconf 90' lang='grc' dir='ltr'>λον.</span> 
     </span>
     <span class='ocr_line' id='line_1_99' title="bbox 1046 2992 1483 3048; baseline -0.009 -12"><span class='ocrx_word' id='word_1_308' title='bbox 1046 2994 1099 3036; x_wconf 88' lang='grc'><strong>26</strong></span> <span class='ocrx_word' id='word_1_309' title='bbox 1131 2992 1304 3048; x_wconf 90' lang='grc' dir='ltr'>ὀλίγοις]</span> <span class='ocrx_word' id='word_1_310' title='bbox 1330 2993 1483 3047; x_wconf 89' lang='grc' dir='ltr'>ὀλίγον.</span> 
     </span>
    </p>
   </div>
   <div class='ocr_carea' id='block_1_6' title="bbox 932 1724 1008 1766">
    <p class='ocr_par' dir='ltr' id='par_1_6' title="bbox 932 1724 1008 1766">
     <span class='ocr_line' id='line_1_100' title="bbox 932 1724 1008 1766; baseline 0.013 -1"><span class='ocrx_word' id='word_1_311' title='bbox 932 1724 1008 1766; x_wconf 92' lang='lat'>108</span> 
     </span>
    </p>
   </div>
   <div class='ocr_carea' id='block_1_7' title="bbox 930 2027 1010 2070">
    <p class='ocr_par' dir='ltr' id='par_1_7' title="bbox 930 2027 1010 2070">
     <span class='ocr_line' id='line_1_101' title="bbox 930 2027 1010 2070; baseline 0.013 -15"><span class='ocrx_word' id='word_1_312' title='bbox 930 2027 1010 2070; x_wconf 93' lang='lat'>109</span> 
     </span>
    </p>
   </div>
   <div class='ocr_carea' id='block_1_8' title="bbox 930 2257 1011 2286">
    <p class='ocr_par' dir='ltr' id='par_1_8' title="bbox 930 2257 1011 2286">
     <span class='ocr_line' id='line_1_102' title="bbox 930 2257 1011 2286; baseline 0.012 -1"><span class='ocrx_word' id='word_1_313' title='bbox 930 2257 1011 2286; x_wconf 92' lang='lat'>110</span> 
     </span>
    </p>
   </div>
   <div class='ocr_carea' id='block_1_9' title="bbox 930 2487 1004 2515">
    <p class='ocr_par' dir='ltr' id='par_1_9' title="bbox 930 2487 1004 2515">
     <span class='ocr_line' id='line_1_103' title="bbox 930 2487 1004 2515; baseline 0 -1"><span class='ocrx_word' id='word_1_314' title='bbox 930 2487 1004 2515; x_wconf 91' lang='lat'>111</span> 
     </span>
    </p>
   </div>
   <div class='ocr_carea' id='block_1_10' title="bbox 930 2831 1010 2862">
    <p class='ocr_par' dir='ltr' id='par_1_10' title="bbox 930 2831 1010 2862">
     <span class='ocr_line' id='line_1_104' title="bbox 930 2831 1010 2862; baseline 0.025 -2"><span class='ocrx_word' id='word_1_315' title='bbox 930 2831 1010 2862; x_wconf 82' lang='lat'>112</span> 
     </span>
    </p>
   </div>
  </div>
 </body>
</html>
