1962 3354
551 207 859 250 MONITUM
896 207 1182 250 LECTORI.
1577 218 1605 248 v

124 342 155 366 ⁶⁶
181 351 327 400 quam
350 337 591 401 integram
623 337 809 384 edimus
837 337 981 383 infra.
1053 337 1374 398 Subsequitur
1401 332 1606 393 ἀποδημία
1651 380 1656 383 .

124 424 155 471 ⁶,⁶
179 419 352 490 Παύλου
376 424 445 466 τοῦ
477 417 607 481 ἁγίου,
631 419 956 483 peregrinatio
991 435 1075 466 seu
1100 418 1412 465 Itinerarium
1441 417 1606 464 Sancti

126 509 156 531 ‘⁶
182 503 339 559 Pauli,
362 509 420 550 ut
441 502 583 549 initio
607 503 725 548 editi
747 503 1032 549 OEcumenii.

313 657 342 678 ⁶⁶
362 648 562 699 Catenae
585 649 636 697 in
667 649 797 698 Acta
819 649 899 697 hic
922 649 1093 698 titulus
1109 649 1414 714 praefigitur.

192 748 459 815 “‘Eppa-‘qvet'a
492 756 567 798 τῶν
591 753 781 815 Πράξεων
815 757 885 798 τοῦ
913 749 1209 814 Χρυσοστόμου
1245 748 1314 798 καὶ
1348 750 1484 812 ἑτέρων
1520 750 1608 797 810(-

123 842 154 864 ‘⁶
178 833 347 899 φόρων.”
405 836 536 882 Tum
568 836 822 899 subjungit
847 837 1023 882 Montf.
1049 836 1254 883 indicem
1280 836 1551 882 Auctorum
1581 850 1606 880 e

123 920 300 982 quibus
335 919 541 966 conflata
572 925 644 965 est
674 919 776 965 haec
802 919 997 965 Catena.
1069 919 1137 964 Et
1170 925 1279 978 post
1314 919 1607 978 Martyrolo-

124 1004 260 1068 gium
285 1003 510 1064 Apostoli
530 1003 686 1058 Pauli,
706 1003 842 1049 addit
859 1003 1070 1049 “Altera
1093 1009 1208 1048 nota
1231 1003 1283 1048 in
1302 1003 1395 1047 fine
1416 1002 1606 1048 Codicis

124 1093 155 1116 ‘⁶
177 1087 357 1147 scripta
392 1087 567 1133 horum
607 1085 1074 1133 Commentariorum
1112 1084 1389 1131 Collectoris
1431 1101 1607 1131 nomen

123 1176 153 1197 ‘⁶
176 1170 357 1217 indicat
381 1176 428 1216 et
451 1170 519 1216 Sic
541 1170 699 1217 habet.
769 1167 938 1232 Ἀνδρέου
963 1168 1005 1215 δὲ
1034 1173 1102 1215 τοῦ
1128 1168 1294 1215 ἔλεεινοῦ
1328 1165 1397 1214 καὶ
1421 1173 1607 1216 ταπεινοῦ

123 1260 153 1281 “
176 1254 452 1317 πρεσβυτέρου
473 1259 544 1300 τοῦ
573 1252 867 1316 συναγαγόντος
892 1249 959 1300 καὶ
983 1252 1253 1316 παραθεμένου
1276 1251 1353 1305 τὰς
1378 1251 1607 1315 ἐμφερομέ-

123 1343 153 1365 “
176 1358 246 1390 νας
263 1341 316 1404 τῇ
333 1334 478 1401 βίβλῳ
497 1336 627 1401 ταύτῃ
645 1336 920 1400 παραγραφὰς
940 1336 977 1383 οἷ
999 1336 1304 1399 ἐντυγχάνοντες
1324 1335 1605 1399 ὗπερεῦχεσθε,

123 1426 152 1447 “
178 1416 240 1467 ἵνα
263 1421 282 1467 o‘
306 1417 409 1473 Θεός
433 1419 655 1483 ὃωρῆσηται
685 1419 792 1484 αὖτῷ
817 1417 928 1471 ’ἔλεος
959 1418 996 1466 ἐν
1027 1424 1077 1484 τῇ
1105 1423 1266 1483 φοβερᾷ
1297 1417 1367 1465 καὶ
1394 1419 1607 1484 ἀδεκάστῳ

125 1509 154 1531 “
178 1509 252 1562 τῆς
281 1502 449 1568 κρίσεως
471 1503 614 1566 ἡμέρᾳ·
651 1508 874 1566 παρακαλῶ
907 1502 948 1549 δὲ
979 1501 1071 1554 τοὺς
1101 1503 1333 1565 γράφοντας
1364 1501 1514 1559 ταύτην
1537 1503 1607 1560 τὴν

124 1593 154 1615 “
178 1583 349 1644 βίβλον,
367 1582 435 1634 καὶ
454 1586 524 1644 τὴν
541 1585 795 1648 προκειμένην
815 1584 935 1647 εὐχὴν
952 1585 1062 1647 μετὰ
1080 1587 1373 1649 παρακλήσεως
1393 1587 1589 1633 τάσσετε.

351 1744 380 1764 ‘⁶
399 1736 470 1784 In
499 1735 805 1801 Opusculum
829 1735 1088 1800 Pamphili
1110 1735 1381 1799 Martyris.

190 1837 380 1884 “Hanc
419 1839 620 1898 opellam
661 1852 762 1883 esse
797 1853 906 1882 vere
940 1836 1186 1896 Pamphili
1223 1837 1474 1898 Martyris,
1510 1853 1606 1884 non

123 1925 153 1947 ⁶⁶
176 1927 248 1968 est
271 1922 400 1982 quod
425 1921 715 1967 dubitemus.
786 1920 914 1966 Nam
949 1920 998 1965 in
1025 1936 1080 1966 eo
1109 1920 1207 1965 fere
1232 1926 1383 1966 totam
1413 1927 1606 1967 aetatem

123 2011 152 2033 ‘⁶
176 2005 403 2052 contrivit
431 2005 479 2051 S.
501 2004 710 2065 Martyr,
733 2010 790 2049 ut
815 2003 1079 2063 Scripturae
1105 2003 1264 2049 Sacrae
1287 2004 1435 2050 libros
1459 2019 1607 2050 manu

123 2095 153 2117 ⁶⁶
176 2104 265 2136 sua
287 2087 590 2143 describeret,
610 2092 803 2133 ornaret
821 2086 976 2133 titulis
998 2092 1142 2147 atque
1161 2086 1381 2142 Scholiis,
1396 2093 1452 2133 ut
1470 2089 1607 2134 docet

122 2178 152 2198 ‘⁶
178 2171 509 2234 Hieronymus
539 2172 597 2217 de
626 2170 950 2231 Scriptoribus
981 2169 1345 2216 Ecclesiasticis.
1417 2171 1606 2217 Indicat

122 2261 151 2283 ‘⁶
175 2255 292 2302 item
310 2262 427 2302 nota
445 2255 636 2302 Codicis
655 2255 765 2300 RR.
784 2255 884 2300 ΡΡ.
900 2254 932 2300 J
936 2254 1216 2310 esuitarum,
1232 2255 1316 2315 qui
1337 2255 1606 2315 Prophetas

122 2345 152 2367 ⁶⁶
179 2355 342 2386 omnes
366 2339 610 2395 continet;
644 2338 813 2385 asserit
837 2339 1028 2384 demum
1051 2338 1390 2400 Calligraphus
1416 2339 1606 2385 Codicis

122 2427 151 2448 ⁶⁶
175 2421 490 2468 vetustissimi
523 2422 671 2483 hujus
709 2421 1026 2467 Bibliothecae
1061 2436 1193 2466 num.
1230 2421 1384 2467 CCII.
1419 2422 1499 2482 qui
1544 2423 1605 2467 ad

124 2511 153 2532 ⁶⁶
177 2507 352 2552 calcem
377 2505 709 2566 Epistolarum
735 2506 783 2551 S.
805 2505 946 2551 Pauli
979 2505 1047 2551 ait
1079 2521 1128 2551 se
1161 2505 1298 2551 illum
1329 2506 1488 2565 ipsum
1516 2506 1607 2552 Co-

123 2595 153 2616 ⁶‘
178 2589 331 2635 dicem
357 2589 613 2635 contulisse
644 2588 696 2634 in
722 2588 1024 2634 Bibliotheca
1049 2588 1336 2634 Caesariensi
1369 2604 1478 2634 cum
1511 2589 1607 2635 alio

123 2678 153 2698 ‘⁶
178 2671 366 2727 Codice,
395 2671 480 2732 qui
515 2670 666 2730 ipsius
704 2670 949 2729 Pamphili
988 2685 1135 2715 manu
1172 2676 1395 2716 exaratus
1431 2670 1604 2717 fuerat.

123 2761 154 2783 ⁶⁶
179 2756 260 2803 Ad
294 2755 399 2802 haec
435 2769 546 2800 vero
582 2753 920 2815 Calligraphus
955 2752 1034 2798 ille
1073 2752 1123 2798 in
1158 2759 1272 2798 nota
1306 2768 1408 2808 sua,
1440 2755 1603 2800 eadem

124 2846 152 2867 ‘⁶
176 2839 403 2901 loquendi
421 2839 629 2885 formula
649 2853 797 2897 eaque
823 2852 918 2882 non
937 2836 1126 2898 vulgari
1151 2837 1319 2890 utitur,
1335 2853 1444 2898 quae
1463 2837 1606 2883 initio

125 2930 153 2952 “
178 2923 395 2985 opusculi
424 2922 667 2985 sequentis
692 2927 985 2982 usurpatum
1023 2920 1270 2979 nimirum,
1295 2920 1384 2986 παρ’
1410 2917 1457 2968 ὧν
1480 2922 1607 2968 ἁπάν-
