1962 3354
373 231 442 276 xii
794 234 1100 278 MONITUM
1136 235 1418 279 LECTORI.

370 361 542 421 patriae
577 367 624 408 et
660 362 817 408 aetatis
832 359 868 406 d.
938 362 1188 423 Descripto
1219 378 1330 409 vero
1365 364 1628 412 Oxoniensi
1652 365 1838 422 Codice,

372 445 535 490 sedulo
570 443 732 490 curavi
765 450 822 490 ut
845 444 1048 491 varietas
1082 446 1296 492 lectionis
1316 462 1345 492 e
1366 446 1489 493 libro
1514 447 1773 496 Parisiensi
1794 450 1839 496 ei

371 525 743 588 adjungeretur3
779 539 894 571 usus
918 527 978 571 ad
1001 527 1129 573 hunc
1146 527 1302 582 finem,
1318 528 1537 591 diligenti
1562 545 1704 590 opera
1722 530 1840 578 Em-

370 608 574 652 manuel.
601 606 763 653 Miller
794 607 963 670 Regiae
1000 608 1230 655 Biblioth.
1256 610 1408 656 Paris.
1444 612 1674 672 adiuncti,
1705 619 1753 659 et
1787 613 1839 660 in

370 689 667 751 perlegendis
709 689 792 736 Gr.
835 690 984 736 Codd.
1031 691 1293 751 plurimum
1329 695 1532 749 versati3
1582 696 1708 741 unde
1743 711 1838 743 non

369 786 520 830 pauca
560 773 785 818 lemmata
824 773 923 818 suis
964 773 1236 819 auctoribus
1274 775 1608 830 restituuntur,
1642 782 1690 823 et
1728 778 1837 833 alia,

370 867 479 912 quae
495 854 635 912 plane
653 853 876 899 omiserat
895 854 1180 901 Oxoniensis
1198 856 1436 910 librarius,
1452 859 1510 902 de
1527 858 1715 921 integro
1733 875 1839 906 eru-

369 941 530 981 untur.
570 935 914 983 Praetermissae
929 942 1089 983 autem
1103 944 1217 984 sunt
1232 938 1562 1000 chrysostomi
1577 940 1837 998 citationes,

370 1022 424 1062 ut
464 1032 572 1077 quae
616 1018 674 1063 ad
709 1018 814 1078 jam
854 1018 983 1064 edita
1019 1021 1298 1080 plerumque
1331 1021 1616 1080 pertineant.
1687 1023 1839 1070 Porro

369 1101 657 1146 monendum
685 1106 771 1155 est,
794 1116 870 1147 me
895 1101 1052 1148 Sacrae
1077 1103 1337 1163 Scripturae
1361 1111 1561 1160 textum,
1585 1107 1670 1167 qui
1693 1107 1838 1155 Scho-

368 1185 542 1229 liorum
573 1180 618 1228 τό
650 1181 838 1243 κείμενον,
863 1190 918 1230 ut
946 1192 1130 1240 vocant,
1154 1187 1360 1241 exhibet,
1390 1189 1450 1233 ad
1482 1188 1624 1234 fidem
1648 1189 1835 1237 Codicis

370 1267 656 1313 Oxoniensis
687 1282 872 1328 semper
906 1283 1130 1324 servasse,
1159 1270 1251 1315 nisi
1286 1270 1369 1316 ubi
1393 1271 1645 1318 manifesto
1678 1289 1835 1320 errore

369 1351 652 1410 depravatus
677 1356 811 1396 esset.

434 1432 549 1479 Alio
573 1432 811 1478 volumine
844 1448 957 1479 mox
991 1440 1262 1494 sequentur,
1286 1434 1467 1481 Catena
1490 1435 1542 1481 in
1565 1435 1833 1485 Catholicas

369 1514 629 1574 Epistolas,
652 1520 700 1559 et
735 1515 786 1560 in
817 1514 1141 1576 Apocalypsin
1174 1516 1519 1563 Commentarii
1552 1518 1752 1567 Arethae
1787 1527 1833 1567 et

369 1596 654 1642 OEcumenii.

424 1725 444 1754 d
465 1728 554 1765 Chr.
567 1727 729 1765 Wolfius
748 1728 789 1764 in
809 1726 968 1766 Dissert.
986 1728 1034 1766 de
1050 1730 1184 1768 Caten.
1202 1731 1301 1768 Patr.
1319 1744 1357 1782 p.
1372 1731 1436 1779 38.
1457 1729 1560 1769 illum
1582 1732 1628 1769 ad
1647 1746 1726 1770 xm
1747 1747 1831 1773 saec.

371 1793 441 1830 vid.
464 1791 598 1830 referre
610 1807 620 1837 ;
652 1793 715 1830 sed
738 1805 815 1830 non
835 1792 981 1831 decimo
994 1791 1188 1841 juniorem
1209 1806 1291 1832 esse
1315 1795 1452 1845 probat
1471 1796 1567 1833 Cod.
1586 1797 1701 1835 Coisl.
