1962 3354
383 251 467 292 428

384 340 451 373 Pag.
479 339 542 366 mn.

762 248 1087 291 VARIETAS
1120 247 1465 292 LECTIONIS

1143 339 1181 364 Pa
1201 358 1208 365 .
1235 338 1297 365 Lin.

383 386 442 427 44
498 386 529 426 4
557 371 750 429 Σευήρου]
780 371 953 425 Σευήρου
975 372 1085 426 ἀρχι-
1141 346 1198 427 45
1234 385 1283 413 10
1314 371 1609 426 Λουγδούνων.]
1659 369 1844 425 Λουγδῶ-

588 446 717 471 επισκ.

558 485 672 541 πρὸς]
706 485 803 539 πρὸς
823 484 904 527 τόν.

499 553 525 599 5
557 544 660 598 Τὴν]
705 544 762 584 Εῦ
795 544 838 584 δὲ
872 543 935 584 καὶ
966 543 1087 584 λύσιν

587 601 737 642 ὠδίνων
787 604 855 641 τοῦ
916 599 1086 641 θανάτου

587 674 670 708 την.

502 728 525 768 7
558 712 849 770 παρελθόντος]
881 716 1048 767 προελθ.

476 784 525 827 13
560 770 744 825 ἀνέστης]
781 769 942 822 ἀνέστη.

474 842 526 884 19
559 828 798 883 εἰλημμένῳ]
832 828 962 879 ἠλειμ.

473 898 529 939 24
561 886 694 926 καθότι
713 886 804 940 μὲν]
840 900 941 926 eras.

558 943 782 996 εὑρηθῆναι]
821 944 951 995 εὑρηθ.
973 941 1061 994 μέν.

473 1009 522 1053 27
559 1000 786 1055 ἐπιβολῆς,]
821 1000 1047 1051 ἐπιβουλῆς.

470 1069 522 1112 31
558 1055 751 1111 Σευήρου]
792 1055 965 1110 Σευήρου
998 1057 1086 1110 ἆρχ.

586 1112 848 1167 Ἀντιοχείας.

386 1180 441 1226 45
507 1183 525 1211 1
563 1169 708 1226 καθὼς]
736 1171 800 1213 ὡς.

561 1227 743 1282 Πέτρος,]
785 1226 951 1280 Πέτρος,
975 1228 1086 1280 φησί.

501 1297 531 1336 4
560 1284 712 1340 ἄλλως]
745 1285 879 1327 ἄλλως
900 1284 1017 1339 αὐτῷ.

500 1354 526 1395 9
560 1340 647 1396 τὸν]
680 1344 768 1381 τῶν.

477 1411 530 1449 14
559 1401 641 1439 Τοῦ
663 1398 795 1452 ἁγίου]
820 1412 901 1438 om.

476 1465 524 1508 17
559 1455 882 1509 ἐγκαταλείψεις]
953 1455 1083 1507 ἐγκατ.

586 1528 671 1562 την.

504 1581 527 1610 2
559 1568 662 1621 νῦν]
698 1570 780 1608 νοῦ.

475 1638 523 1680 13
558 1624 710 1680 δεξιὸν]
744 1628 892 1676 δεξιῶν.

473 1696 522 1725 21
557 1683 664 1736 περὶ]
698 1682 787 1734 περὶ
807 1685 887 1733 τῆς.

471 1751 524 1783 22
557 1739 652 1796 οἶοι]
687 1740 784 1780 οἷον.

473 1808 528 1848 24
557 1796 623 1853 τὸ]
657 1798 723 1851 τῷ.

474 1866 526 1908 25
557 1853 650 1907 ζῶν]
685 1853 750 1894 ὥν.

474 1923 526 1965 29
560 1910 794 1964 Κυρίλλου.]
885 1910 1086 1963 Κυρίλλου

586 1969 674 2021 ἀρχ.
698 1968 989 2019 ἆλεξανδρείας.

471 2037 519 2079 31
559 2025 612 2079 τι]
649 2040 722 2064 τοι.

383 2092 437 2135 47
499 2094 524 2135 3
559 2080 795 2134 Κυρίλλου.]
825 2083 907 2120 Τοῦ
930 2080 1060 2120 αὐτοῦ.

499 2151 524 2192 5
558 2137 750 2191 Σευήρου]
784 2136 957 2189 Σευήρου
979 2138 1070 2190 ἀρχ.

554 2192 643 2248 τοῦ]
675 2197 766 2234 τῶν.

556 2249 813 2303 γραφέντος.]
837 2248 1083 2302 γραφέντων.

473 2321 492 2348 1
500 2321 524 2361 9
557 2308 774 2361 Κυρίλλου]
788 2307 986 2360 Κυρίλλου
995 2308 1083 2360 ἀρχ.

472 2377 526 2407 2ο
558 2365 598 2419 ὁ]
634 2365 695 2407 ὡς.

472 2423 525 2463 26
557 2422 688 2475 ἁγίου]
714 2434 799 2461 om.

557 2477 747 2532 Σευήρου]
785 2476 958 2530 Σευήρου
979 2478 1070 2532 ἆρχ.

472 2535 524 2578 28
557 2533 832 2587 τελειωτέρον]
895 2535 1082 2575 τελεώτε-

584 2608 668 2644 ρον.

1346 445 1428 470 νου.

1233 499 1280 542 13
1313 485 1383 527 τὸν
1404 484 1524 527 αὐτὸν
1539 484 1651 526 Θεὸν
1673 483 1736 526 καὶ
1756 487 1842 525 Σω-

1344 543 1456 598 τῆρα]
1509 542 1572 583 καὶ
1611 541 1684 582 τὸν
1723 539 1846 582 αὐτὸν

1343 599 1453 642 Θεὸν
1475 601 1647 652 σωτῆρα.

1234 669 1282 712 15
1316 655 1573 712 συνεβίαζον]
1607 655 1844 708 συνεβίβαζ.

1316 713 1381 768 ὃν]
1415 713 1453 754 ὃ.

1234 784 1284 825 19
1317 770 1416 825 οἶδε]
1451 770 1533 811 οἶδε
1553 770 1627 811 ὅτι.

1233 840 1287 870 20
1317 828 1393 882 ὅτι]
1429 828 1489 868 ὅτι
1511 827 1588 868 καί.

1318 884 1429 938 αὐτὸ]
1455 898 1538 925 om.

1232 954 1285 985 22
1317 941 1506 1015 Σευήρου]
1547 938 1721 994 Σευήρου
1751 939 1844 994 ἆρχ.

1347 1015 1433 1040 αντ.
1725 1036 1729 1045 ,

1233 1068 1286 1110 29
1318 1056 1458 1111 ἄλλος]
1495 1055 1620 1098 ἄλλος
1639 1051 1745 1096 ἀλλ’.

1232 1126 1287 1169 32
1320 1112 1498 1167 ἔκφύντι]
1533 1112 1666 1165 φύντι.

1145 1181 1198 1226 51
1266 1183 1284 1210 Ι
1318 1173 1401 1211 Τοῦ
1420 1169 1551 1224 ἁγίου]
1577 1182 1660 1210 om.

1318 1225 1646 1280 ἆρχιεπισκόπου]
1673 1239 1754 1266 om.

1259 1296 1289 1336 4
1320 1283 1586 1338 καταργεῖται]
1619 1283 1829 1335 καταργῆτ.

1258 1351 1284 1395 5
1315 1339 1531 1394 Ἐνταῦθα]
1590 1341 1674 1380 Τοῦ
1713 1342 1844 1392 Χρυσ.

1343 1396 1552 1438 Ἐνταῦθα.

1261 1468 1286 1508 9
1319 1456 1477 1509 Καλῶς]
1501 1455 1584 1495 Τοῦ
1599 1451 1731 1494 αὐτοῦ.
1765 1455 1846 1493 Κα-

1346 1515 1438 1554 λῶς.

1237 1580 1286 1611 12
1317 1571 1400 1608 Τοῦ
1427 1565 1734 1621 Χρυσοστόμου]
1763 1567 1848 1607 Τοῦ

1348 1641 1477 1665 αυτου.

1232 1694 1284 1737 31
1321 1681 1468 1736 ἕτερος]
1506 1679 1658 1734 ἑτέρως.

1146 1750 1202 1795 52
1261 1751 1286 1794 3
1317 1737 1393 1789 Ἐξ
1420 1735 1727 1792 ἆνεπιγράφου]
1763 1738 1847 1778 Τοῦ

1347 1812 1478 1836 αυτου.

1317 1850 1608 1904 πνευματικὸνὴ
1617 1850 1840 1903 ἐκκλησία,]

1345 1910 1369 1961 ἡ
1405 1908 1596 1960 ἐκκλησία
1633 1922 1843 1960 πνευματι-

1347 1967 1428 2007 κόν.

1263 2023 1289 2063 6
1319 2023 1390 2078 τῷ]
1424 2020 1481 2064 τό.

1261 2079 1285 2119 8
1318 2078 1531 2134 διαίρετον]
1564 2078 1799 2131 ἀδιαίρετον.

1236 2145 1286 2190 15
1317 2134 1475 2191 ζΑγίου]
1500 2149 1582 2176 om.

1234 2205 1287 2236 22
1317 2190 1658 2245 τετελειωμένους]
1714 2194 1841 2232 τελει-

1346 2248 1546 2301 ουμένους.

1234 2317 1285 2360 27
1318 2304 1569 2361 Σαβελλίου]
1601 2305 1812 2358 σαβελίου.

1145 2376 1198 2419 53
1234 2375 1288 2415 24
1317 2363 1527 2417 τοιοῦτον,]
1563 2365 1729 2403 τοιοῦτο.

1144 2430 1198 2475 57
1236 2433 1288 2461 10
1318 2419 1380 2475 δὲ]
1404 2434 1487 2460 om.

1144 2478 1199 2533 58
1264 2490 1282 2517 1
1316 2475 1468 2531 χωλὸς]
1500 2474 1635 2530 χολός.

1233 2546 1282 2576 21
1318 2531 1488 2587 ἐκείνου]
1522 2533 1707 2575 ἐκείνους.

1229 2603 1287 2645 34
1318 2588 1436 2644 ἰδεῖν]
1469 2591 1566 2631 ἰδεῖν
1588 2590 1656 2631 εἰς.

383 2649 438 2701 48
475 2658 524 2704 15
555 2649 706 2702 Ταῦτα]
757 2650 812 2689 ῖῶ.
851 2651 919 2688 τοῦ
955 2651 1080 2701 Χρυσ.
1142 2658 1198 2703 59
1257 2661 1287 2699 4
1315 2649 1398 2688 Τοῦ
1421 2643 1718 2699 Χρυσοστόμου.
1756 2644 1842 2686 Οὔκ

583 2708 733 2746 Ταῦτα.

471 2774 524 2806 22
553 2762 800 2816 βασιλείας,]
811 2761 1036 2813 βασιλείας,
1048 2762 1081 2801 ὁ.

470 2831 520 2873 23
555 2819 709 2873 αἰῶνα.]
744 2820 867 2859 αἰῶνα
893 2821 963 2858 τοῦ
991 2819 1081 2859 αἰῶ-

586 2892 664 2918 νος.

467 2944 517 2986 31
555 2931 699 2986 σάρκα]
737 2931 866 2984 σάρκα
881 2933 964 2971 τοῦ.

379 3001 434 3043 49
498 3000 521 3030 2
552 2987 660 3043 τοὺς]
693 2988 781 3031 τοὺς
801 2989 962 3030 ἄλλους.

1345 2703 1455 2745 εἶπεν
1474 2703 1535 2743 ὅτι
1561 2705 1629 2743 τοῦ
1657 2702 1841 2755 ἀργυρίου

1342 2762 1482 2815 πολλῷ
1502 2757 1668 2811 βέλτιόν
1694 2775 1760 2800 σοι
1783 2758 1841 2799 δι’-

1344 2820 1451 2868 δωμι·
1488 2817 1596 2857 ἀλλὰ
1624 2817 1674 2857 τί·
1713 2817 1757 2856 ἐν
1786 2816 1839 2870 τῷ

1342 2872 1504 2925 ὀνόματι
1515 2872 1649 2924 Ἰησοῦ
1665 2874 1840 2925 Χριστοῦ

1341 2934 1410 2970 τοῦ
1441 2929 1681 2982 Ναζωραίου·
1712 2928 1840 2982 ἔγειρε

1343 2987 1406 3028 καὶ
1424 2985 1641 3039 περιπάτει.
