1962 3354
595 226 732 269 COD.
766 227 963 270 COISL.
997 227 1152 270 XXV.

131 314 214 404 2123
244 314 310 405 gg
332 348 444 406 τοὺς]
475 349 567 394 τοὺς
586 350 771 405 πατέρας.

129 418 215 463 230
248 420 303 461 14
332 407 412 462 δεί]
445 406 592 459 δείξας.

248 465 300 506 16
331 464 377 507 τὸ
403 465 656 521 τεταγμένοι]
680 481 762 509 om.

245 533 300 565 22
330 522 460 580 θείου]
492 526 599 565 θεοῦ.

245 581 303 622 26
329 579 487 636 Ἰησοῦ]
518 584 707 635 Χριστοῦ.

245 650 300 693 29
332 636 528 696 ἑκφόβος]
563 640 607 680 ἐκ
627 637 776 693 φόβου.

241 708 293 751 31
328 695 458 752 παρὰ]
490 697 592 750 περὶ.

109 764 206 810 >231
247 762 298 809 15
327 752 567 806 Ἀμμωνίου.
573 753 591 810 ]
608 753 836 808 Ἀμμωνίου

357 811 646 866 πρεσβυτέρου.

248 878 296 923 17
329 869 569 925 ἆρχεκάκου]
606 870 813 925 ἇρχαικάκ.

241 939 295 983 33
327 926 721 981 ΤοῦΧρυσοσ-τόμου.
724 930 836 984 ]Τοῦ

357 985 487 1027 αὐτοῦ.

128 1053 210 1098 232
246 1050 296 1096 17
327 1041 834 1100 ΤοῢΧρυσοστόμου.]Τοΰ

357 1117 490 1142 αυτου.

243 1169 297 1201 22
327 1155 589 1215 Ἀμμωνίου.]
605 1157 833 1212 Ἀμμωνίου

353 1216 646 1269 πρεσβυτέρου.

126 1284 207 1328 233
269 1273 294 1315 8
324 1271 738 1346 ΤοῦΧρυσοστόμου]
749 1278 832 1316 Τοῦ

354 1346 486 1373 αυτου.

240 1399 290 1431 21
325 1385 384 1443 οἱ]
406 1402 490 1430 om.

326 1445 544 1502 φεύγουσι]
578 1447 772 1501 φεύγωσι.

240 1513 295 1545 22
323 1501 487 1575 αὐτοὺς]
520 1504 665 1548 αὐτοῖς.

240 1561 295 1602 26
323 1558 567 1632 Ἀρειανοῖς]
597 1560 812 1615 Ἀριανοῖς

124 1629 209 1674 234
242 1630 290 1659 11
324 1615 403 1673 Ἤ]
443 1616 670 1671 Ἀμμωνίου
702 1637 828 1674 πρεσ-

351 1675 538 1729 βυτέρου.
570 1675 640 1718 H.

242 1745 292 1788 13
327 1733 373 1774 ἐν
392 1733 566 1790 καρδίᾳ]
601 1735 800 1789 ἐγκαρδία.

124 1799 206 1846 235
268 1801 291 1844 7
325 1790 478 1847 αὐτοῦ]
515 1792 634 1834 αὐτοῦ
654 1793 791 1835 πάλιν.

242 1860 292 1903 ,13
324 1846 585 1905 Ἀμμωνίου.]
603 1849 831 1904 Ἀμμωνίου

353 1906 644 1960 πρεσβυτέρου.

242 1973 291 2016 17
324 1961 560 2020 ὠνόμασαν]
594 1964 706 2019 ὀνόμ.

242 2033 293 2074 19
325 2022 460 2077 τοῦτο]
494 2025 663 2065 τοιοῦτο.

324 2077 389 2134 ὃν]
425 2078 474 2121 ὃν
493 2081 545 2121 οἱ.

236 2148 289 2192 31
325 2138 380 2180 εἰς
400 2136 491 2192 τὴν]
526 2138 569 2179 ἐκ
590 2140 670 2189 τῆς.

324 2195 535 2248 ἑρμηνείαν
546 2193 732 2251 λόγος]
715 2213 828 2250 ερμη-

353 2253 461 2296 νείας
480 2250 621 2306 λόγου.

123 2309 206 2364 236
239 2319 291 2364 23
325 2309 563 2364 Κυρθιλου]
600 2313 685 2352 Τοῦ
713 2313 828 2365 ἁγίου

354 2366 521 2419 Κυρίλλ.
533 2368 683 2419 ἆλεξαν
685 2369 825 2421 δρείας.

235 2435 296 2479 34
325 2423 559 2479 ἐγγράφοις]
596 2425 807 2479 ἀγράφοις.

235 2491 291 2536 35
323 2479 390 2536 τὸ]
423 2482 467 2522 δὲ
486 2481 545 2523 τὸ.

123 2547 203 2594 237
263 2550 290 2595 3
321 2538 406 2610 καὶ]
441 2539 545 2580 καὶ’
527 2555 585 2580 εν.

238 2607 293 2649 24
321 2593 549 2648 Ἀμμωνίου
602 2596 826 2650 πρεσβυτέ-

350 2670 436 2706 ρου.
488 2654 629 2706 Γνώμη
653 2655 733 2695 ἰδία
753 2659 828 2707 φη-

351 2711 463 2752 σὶν“
443 2728 466 2751 ο
487 2710 576 2755 θεὸς
595 2709 728 2765 λόγος.
761 2711 828 2753 ὅτε

352 2767 555 2820 ἐβουλήθη
573 2768 731 2810 εὐδοκία
749 2785 824 2810 πα-

349 2825 442 2879 τρὸς
497 2825 703 2880 ἑσαρκῶθη
756 2825 827 2868 τὸν

350 2885 506 2936 πρῶτον
525 2882 675 2938 χρόνον
694 2886 827 2926 διαλο-

349 2940 496 2994 γισμὸν
517 2940 565 2983 ὃν
585 2940 701 2985 αὐτὸς
719 2941 826 2983 οἶδεν

351 3000 449 3040 κατὰ
463 2998 535 3050 τὴν
551 3000 741 3053 ἑπωφελῆ
759 2998 826 3040 αὖ·

1525 232 1610 277 439

913 317 935 343 P
973 337 980 345 .
1007 318 1070 345 Lin.

935 325 971 351 ag
1126 355 1196 394 τοῦ
1208 352 1513 408 καὶφιλάγαθον
1527 356 1608 409 κρί-

1126 424 1207 452 σιν·
1240 411 1506 466 συγχωρήσας
1525 416 1608 457 τοῖς

1127 468 1351 522 ἀνθρώποις
1400 470 1607 512 δουλεύειν

1126 526 1192 567 καὶ
1234 530 1476 580 προσκυνεῖν
1524 532 1607 572 τοῖς

1129 584 1320 627 εἰδώλοις.

897 639 978 694 238
1042 650 1064 694 7
1096 640 1245 712 τούτῳ]
1279 645 1409 683 τοῦτο.

1040 711 1066 752 9
1096 696 1356 755 Ἀμμωνίου.]
1377 698 1605 753 Ἀμμωνίου

1126 756 1419 811 πρεσβυτέρου.

1096 814 1194 884 τῶν]
1228 817 1295 871 τῷ.

895 882 978 925 239
1015 883 1066 926 19
1096 856 1386 928 Ἀμμωνίου.’]
1391 874 1604 926 Αμμωνίου

1123 929 1412 983 πρεσβυτέρου.

1008 999 1033 1042 3
1046 999 1060 1027 1
1098 986 1417 1030 ἀκατάπαυστον·
1425 987 1604 1042 ]ἆκατά-

1124 1059 1319 1086 παυστον·
1382 1046 1445 1088 καὶ
1495 1048 1603 1099 λύπη

1129 1103 1314 1155 ἐπιλύπη.

895 1171 978 1212 240
1014 1172 1063 1215 15
1092 1157 1358 1216 Ἀμμωνίου.]
1375 1159 1604 1214 Ἀμμωνίου

1124 1218 1412 1272 πρεσβυτέρου.

1011 1286 1065 1318 22
1095 1274 1388 1331 πιθανώτερον]
1435 1275 1599 1320 πιθανό-

1123 1349 1251 1386 τερον.

893 1400 971 1443 241
1035 1402 1062 1444 5
1095 1390 1197 1445 Οὐκ]
1234 1393 1316 1432 Τοῦ
1337 1391 1468 1434 αὐτοῦ.
1501 1393 1598 1436 Οὔκ.

1037 1461 1062 1502 9
1091 1448 1258 1518 πατρίᾳ]
1292 1449 1457 1520 πατρίῳ.

893 1516 974 1557 242
1037 1516 1059 1558 7
1091 1503 1383 1561 Ἀμ..μωνίου]’
1387 1509 1600 1561 Αμμωνίου

1123 1562 1416 1617 πρεσβυτέρου.

1010 1633 1057 1662 11
1093 1620 1434 1693 καταχρηστικῶς]
1478 1639 1598 1665 κατα-

1120 1678 1351 1732 χρηστικὸν.

890 1747 970 1791 243
1009 1745 1059 1791 15
1090 1738 1174 1777 Τοῦ
1199 1734 1355 1807 odiu-06]
1386 1739 1470 1778 Τοῦ
1491 1740 1596 1791 Χρυ-

1121 1810 1338 1845 σοστομου.

1008 1850 1062 1893 26
1092 1849 1352 1906 Ἀμμωνίου.]
1371 1849 1599 1904 Ἀμμωνίου

1120 1908 1410 1962 πρεσβυτέρου.

891 1975 975 2017 244
1033 1978 1060 2020 5
1094 1965 1437 2021 συμπεριέλαβον]
1494 1983 1595 2020 συμ-

1121 2022 1381 2076 περιέλαβεν.

1007 2092 1059 2122 22
1090 2079 1353 2136 Ἀμμωνίου.]
1371 2080 1600 2134 Ἀμμωνίου

1118 2138 1406 2193 πρεσβυτέρου.

1005 2207 1060 2248 24
1090 2196 1357 2260 διὰ-λόγων]
1404 2199 1599 2251 διαλογον

1006 2321 1055 2364 27
1090 2255 1359 2381 οὲῖόῖἒμικῆς]
1402 2313 1597 2365 οἰκονομι-

1118 2385 1254 2420 ασκης.

1006 2425 1058 2467 28
1089 2423 1113 2476 ἢ
1144 2424 1294 2481 ἄλλου]
1330 2423 1354 2477 ἢ
1386 2425 1494 2469 τινὸς
1523 2426 1597 2468 ἄλ-

1119 2487 1210 2524 λου.

1089 2539 1354 2596 ζητηθέντος]
1387 2541 1558 2584 -θούτος,

889 2608 969 2651 245
1036 2609 1054 2637 1
1090 2597 1153 2652 δὴ]
1179 2611 1263 2638 om.

1033 2666 1057 2697 2
1089 2654 1382 2710 ἐρωτήσοντας]
1447 2655 1592 2709 ἐρωτή-

1119 2728 1274 2756 σοντος.

1005 2782 1056 2825 15
1086 2767 1349 2825 Ἀμμωνίου.]
1367 2768 1594 2822 Ἀμμωνίου

1116 2826 1406 2881 πρεσβυτέρου.

1004 2896 1054 2927 22
1088 2883 1221 2940 θήλυ·]
1268 2884 1382 2937 θήλυ·
1428 2885 1498 2926 οὐκ
1533 2885 1593 2927 ἔνι

1117 2945 1260 2986 δοῦλος
1277 2940 1302 2994 ἢ
1322 2942 1542 2996 ἐλεύθερος.

1001 3011 1059 3054 34
1089 3000 1153 3042 καὶ
1174 3000 1296 3056 ἑξῆς]
1333 2999 1397 3042 καὶ
1417 3001 1468 3042 τὰ
1488 2999 1589 3052 ἑξῆς.
