1962 3354
374 249 459 291 430

753 248 1077 291 VARIETAS
1110 248 1452 290 LECTIONIS

374 341 439 429 {a}
460 340 522 414 ἵίἳ
548 371 654 427 Οὐκ]
684 374 767 413 Τοῦ
788 371 920 413 αὐτοῦ.
952 372 1050 415 Οὐκ.
1134 339 1198 428 18αὲ
1218 339 1280 429 ΞῘΞ
1307 370 1556 428 Διονυσίου.]
1619 369 1832 413 Διονυσίου

463 433 515 472 26
546 433 629 471 Τοῦ
651 428 806 483 αὐτοῦ]
831 443 913 471 om.

1337 430 1463 470 ἐπισκ.
1480 427 1615 479 Ἀλεξ.

377 489 432 542 76
493 487 517 528 8
550 485 613 542 ε’κ]
638 488 681 527 ἐκ
700 490 769 527 τοῦ
784 486 1072 539 ὑπομνήματος.
1136 486 1190 528 86
1254 499 1270 527 1
1306 486 1376 527 οὐκ
1396 485 1481 527 ἔστι
1501 485 1590 542 σᾶ,]
1617 484 1750 526 οὗκετί
1766 501 1832 526 σα.

464 557 518 588 20
549 543 837 600 Εὗαγγελίου]
894 543 1074 598 Εὐαγγέ-

575 606 666 642 λιον
685 602 906 653 ὑπόμνημα.

378 668 429 713 77
490 671 515 713 3
550 658 618 712 Εἰ]
651 661 734 699 Τοῦ
755 659 887 699 αὐτοῦ.
919 660 983 700 Εἰ.

467 729 512 756 11
548 718 631 756 Τοῦ
651 714 750 771 Χρ.]
784 715 863 757 Καὶ
888 715 1013 757 πάλιν
1035 715 1077 756 ἐκ

578 776 647 813 τοῦ
669 774 724 815 εἷς
743 771 788 813 τὸ
807 774 904 814 κατὰ
919 777 987 813 τοῦ
1003 776 1076 826 Χρ.

1248 553 1273 599 5
1306 540 1537 598 τάγματος.]
1569 541 1825 596 πραγματίας.

1224 613 1276 643 20
1307 598 1488 655 ἅπτεται]
1521 599 1683 641 ἅπτεται
1702 601 1786 640 τοῦ.

1224 670 1278 709 24
1309 657 1404 711 ἔχον
1428 658 1490 698 καὶ
1510 654 1596 711 τῆς]
1627 655 1732 710 ἔχων
1750 657 1833 707 τῆς.

1223 715 1277 758 26
1308 714 1452 771 δοκεῖς]
1486 717 1614 756 δοκεῖς
1631 713 1720 766 μέν.

1220 785 1274 828 33
1308 770 1468 826 οὐκοῦν]
1500 771 1641 812 οὐκοῦν
1662 770 1738 811 καί.

550 828 780 886 Ματθαῖον]
796 833 1005 872 Ματθαῖον
1019 830 1079 871 εὐ-
1138 829 1188 885 87
1227 831 1279 870 16
1308 832 1390 869 Τοῦ
1411 826 1565 883 αὐτοῦ]
1598 830 1681 868 Τοῦ
1701 830 1776 880 Χρ.

580 886 784 940 αγγέλιον.

381 945 432 998 78
495 943 519 984 8
550 947 633 985 Τοῦ
655 943 807 1000 αὐτοῦ]
835 946 918 984 Τοῦ
939 947 1014 996 Χρ.
1091 983 1094 986 .

463 1013 520 1056 32
550 1001 848 1058 Λουγδούνων.]
871 1001 1077 1054 Λούγδων.

382 1069 434 1113 79
493 1071 518 1113 5
553 1057 615 1113 ὃν]
643 1072 726 1099 om.

468 1128 522 1156 20
553 1114 712 1171 Πατὴρ]
745 1115 884 1169 Πατὴρ
905 1118 985 1156 τοῦ.

468 1185 522 1224 24
550 1174 638 1227 τοῦ]
662 1187 744 1214 om.

468 1241 519 1284 25
553 1228 754 1286 Πατέρος]
786 1230 946 1283 πατρός.

383 1287 437 1327 80
502 1300 518 1327 1
554 1287 623 1343 ὣς]
659 1288 711 1330 ὡς
732 1287 809 1328 καί.

495 1356 521 1399 5
554 1344 745 1398 δίδονται]
779 1342 969 1385 δέδονται.

497 1414 522 1455 9
556 1401 793 1457 ἐπισκόπου]
827 1401 982 1455 ἇρχιεπ.

554 1455 669 1512 Πῶς]
702 1461 797 1500 Πῶς
816 1457 904 1510 γάρ.

475 1527 521 1554 11
557 1516 705 1566 κόσμου
721 1515 752 1569 ;]
787 1514 951 1567 γένους;

472 1583 523 1627 25
556 1572 645 1626 Εἷς]
679 1574 762 1612 Τοῦ
784 1573 898 1625 ἁγίου
912 1570 1084 1612 Ἀθανα-

585 1630 688 1670 σίου.
723 1630 802 1671 Εἷς.

471 1695 520 1739 27
557 1685 666 1740 Οὐχ]
691 1686 893 1738 Κυρίλλου
909 1683 1080 1739 ἀρχ.Ἀ·

585 1743 854 1795 λεξανδρείας.
887 1743 987 1796 Οὐχ.

470 1813 495 1855 3
505 1814 520 1841 1
550 1798 806 1841 Ἀθανασίου.
814 1798 831 1854 ]
840 1798 1085 1841 Ἀθανασίου

587 1858 678 1911 ἆρχ.
698 1856 835 1907 Ἀλεξ.

386 1915 436 1956 81
502 1927 527 1969 9
559 1912 715 1969 Οὕτως]
747 1917 830 1955 Τοῦ
850 1917 978 1966 Χρυσ.
1003 1912 1083 1953 Οὕ-

588 1988 675 2014 τως.

478 2027 526 2069 18
557 2028 659 2085 Τοῦ]
692 2032 774 2069 Τοῦ
796 2028 928 2069 αὐτοῦ.
958 2028 1054 2067 Τοῦ.

477 2098 527 2139 19
560 2085 700 2138 Διατί]
714 2088 796 2126 Τοῦ
809 2085 938 2126 αὐτοῦ.
956 2083 1084 2123 Διατί.

388 2142 441 2183 82
475 2153 522 2182 21
559 2142 885 2195 ἀρχιεπισκόπου]
911 2154 994 2180 om.

389 2199 441 2253 83
478 2211 524 2238 ΙΙ
558 2202 642 2238 Τοῦ
664 2198 793 2238 αὐτοῦ.
841 2211 922 2237 om.

477 2254 530 2294 16
559 2257 642 2295 Τοῦ
662 2254 792 2296 αὐτοῦ.
854 2256 937 2294 Τοῦ
957 2256 1084 2305 Χρυσ.

390 2312 445 2364 84
509 2324 526 2351 1
561 2315 643 2353 Τοῦ
661 2308 984 2364 Χρυσοστόμου.]
1006 2313 1087 2351 Τοῦ

591 2386 723 2409 αυτου.

480 2438 533 2477 14
561 2429 644 2466 Τοῦ
666 2424 820 2480 αὐτοῦ]
851 2426 934 2465 Τοῦ
953 2427 1028 2477 Χρ.

478 2494 533 2534 24
564 2481 768 2538 ἀργυρίου]
801 2482 982 2535 ἀργύρου.

479 2549 531 2594 25
566 2539 649 2595 καὶ]
683 2540 803 2580 καὶὸ.

480 2597 534 2637 26
564 2595 704 2651 τιθεὶς]
739 2597 830 2639 θείς.

394 2654 446 2709 85
510 2655 535 2694 6
566 2656 649 2694 Τοῦ
670 2651 823 2707 αὐτοῦ]
856 2654 939 2693 Τοῦ
959 2655 1031 2704 Χρ.

482 2711 533 2752 28
563 2709 843 2764 Ἀθανασίου.]
918 2707 1089 2749 Ἀθανα-

595 2768 682 2808 σίου
712 2769 755 2808 ἐκ
775 2769 841 2818 τῆς
860 2766 948 2818 περὶ
972 2781 1088 2806 ναυα-

593 2824 772 2867 τιαννοὺς
792 2823 943 2875 βίβλου
968 2822 1092 2875 λόγου

480 2950 537 2991 30
567 2936 912 2993 συνεφωνήσατε,]
978 2952 1091 2977 συνε-

597 2994 910 3046 φοβηθήσονται.

1226 898 1280 939 24
1308 883 1486 940 Ταύτην]
1494 887 1577 926 Τοῦ
1588 884 1835 926 αὗτοῦ.”Ταύ-

1337 959 1421 994 την.

1224 1014 1280 1056 30
1311 1001 1332 1041 ὁ
1353 999 1529 1053 ἀδελφός
1549 1016 1622 1040 σου
1636 999 1668 1054 ;]
1691 1012 1772 1039 om.

1140 1059 1192 1100 88
1254 1069 1277 1111 7
1311 1055 1456 1112 φόνος]
1489 1054 1630 1110 φόβος.

1255 1115 1278 1156 8
1311 1113 1563 1171 προιεμένης]
1595 1129 1762 1167 προιωμ.

1229 1185 1275 1214 11
1313 1169 1525 1225 ε’ξέτιλον·]
1559 1170 1768 1222 ἔξέτειλον.

1231 1243 1282 1280 14
1313 1227 1529 1284 ἐπιβραχὺ]
1563 1228 1787 1281 ἔπιβραχεῖ.

1230 1286 1281 1327 16
1311 1285 1496 1339 γίνεται·]
1531 1285 1714 1338 κρίνεται.

1230 1354 1277 1397 17
1304 1341 1667 1393 καταδικάσθησαν]
1720 1356 1836 1381 κατα-

1341 1397 1586 1450 δικάσθησαν
1608 1396 1683 1438 καί.

1229 1465 1278 1510 27
1311 1459 1394 1497 Τοῦ
1414 1453 1731 1508 Χρυσοστόμου.]
1757 1456 1840 1495 Τοῦ

1342 1513 1473 1553 αὐτοῦ.

1143 1571 1196 1626 89
1230 1583 1280 1613 21
1313 1573 1396 1610 Τοῦ
1417 1567 1568 1625 αὐτοῦ]
1590 1571 1673 1610 Τοῦ
1691 1571 1819 1621 Χρυσ.

1143 1641 1198 1684 90
1255 1641 1280 1683 3
1313 1626 1385 1678 τὴν
1404 1627 1539 1668 πίστιν
1570 1623 1699 1681 εἶχεν]
1733 1624 1843 1680 εἶχεν

1342 1683 1413 1735 τὴν
1433 1684 1581 1724 πίστιν.

1257 1753 1287 1793 4
1316 1741 1379 1782 καὶ
1400 1739 1489 1797 τὴν]
1513 1739 1584 1791 τὴν
1605 1739 1682 1781 καὶ.

1257 1811 1283 1854 5
1316 1795 1562 1853 ἀδιάλυτον]
1586 1795 1827 1838 εὐδιάλυτον

1313 1855 1413 1907 μετὰ
1432 1854 1477 1896 τὸ
1502 1852 1749 1910 πιστεῦσαι,]
1776 1869 1843 1906 με-

1343 1927 1617 1953 ταπιστευσαι.

1260 1971 1284 2010 6
1317 1967 1496 2024 αἰώνιον]
1515 1968 1674 2009 αἰώνιον
1690 1965 1844 2008 κατὰτὸ

1346 2025 1553 2078 εἰρημένον
1587 2026 1608 2066 ὅ
1645 2023 1844 2065 πιστεύων

1347 2084 1401 2125 εἷς
1422 2083 1490 2133 ἐμὲ
1511 2081 1596 2135 ἔχει
1618 2081 1733 2132 ζωὴν.

1234 2152 1281 2180 11
1318 2138 1640 2208 ἐνυπάρχουσαν]
1663 2138 1780 2190 ὕπαρ.

1145 2210 1194 2251 91
1235 2209 1285 2250 19
1317 2194 1581 2250 Σημειωτεὸν]
1636 2195 1846 2246 Αμμωνίου

1344 2251 1628 2305 πρεσβυτέρου.
1676 2255 1846 2304 Σημειω-

1346 2326 1448 2350 τεον.

1233 2378 1286 2421 29
1316 2365 1574 2423 Ἀμμωνίου]
1596 2369 1678 2406 Τοῦ
1699 2369 1826 2418 Χρυσ.

1231 2436 1287 2478 32
1318 2427 1401 2464 Τοῦ
1422 2424 1559 2480 αὐτοῦ]
1581 2426 1663 2464 Τοῦ
1684 2426 1810 2475 Χρυσ.

1148 2493 1202 2536 92
1235 2492 1287 2521 20
1316 2483 1399 2521 Τοῦ
1418 2481 1737 2533 Χρυσοστόμου.]
1763 2481 1846 2519 Τοῦ

1348 2554 1478 2578 αυτου.

1149 2608 1200 2650 93
1263 2595 1288 2634 6
1320 2595 1549 2649 Ματθαῖον]

1350 2651 1600 2704 εὐαγγέλιον.

1241 2720 1289 2749 12
1320 2711 1402 2748 Τοῦ
1433 2708 1580 2762 αὐτοῦ]
1620 2709 1703 2748 Τοῦ
1733 2705 1848 2759 ἆγίου

1349 2764 1607 2805 Ἀθανασίου.

1241 2834 1293 2873 14
1323 2820 1588 2876 θαρσαλέους]
1612 2823 1774 2872 θαρραλ.

1238 2890 1292 2921 20
1323 2877 1476 2935 Πάλιν]
1495 2881 1577 2919 Τοῦ
1592 2877 1704 2930 ἁγίου
1716 2874 1850 2916 Ἰωάν-

1353 2951 1421 2975 νου
1442 2938 1511 2975 τοῦ
1530 2938 1655 2986 Χρυσ.

1241 2993 1292 3033 26
1322 2992 1408 3032 Τοῦ
1429 2990 1580 3046 αὐτοῦ]
1602 2993 1670 3030 τοῦ
1691 2992 1764 3042 Χρ.

1638 2594 1848 2634 Ματθαῖον
