1962 3354
613 223 752 266 COD.
787 222 986 265 COISL.
1018 221 1172 264 XXV.

167 315 235 349 Pag-
259 315 324 343 nu.

155 361 245 406 314
276 359 328 404 27
359 348 432 405 μὴ]
465 348 518 402 μὴ
540 348 627 404 ἔχη·

154 420 241 464 315
274 420 326 464 23
351 406 433 480 *HJ
450 405 676 460 Ἀμμωνίου
689 410 866 460 πρεσβυ-

387 481 517 519 τερου.
540 462 615 506 Ἲ-Ῑ.

155 533 239 580 317
304 535 328 567 2
361 520 621 579 κατέχουσιν]
644 536 726 564 om.

300 593 326 637 3
359 578 467 636 οἷον]
500 580 587 621 οἶοι.

358 637 448 693 τὰς]
472 652 556 679 om.

298 708 328 749 4
356 693 381 748 ἢ
411 696 585 751 γουνία,]
626 696 793 748 γουννία
822 703 864 736 et

385 751 428 794 in
451 767 582 809 marg.
604 752 751 794 eadem
779 767 864 794 ma-

386 824 470 852 nu:
522 828 585 864 γρ.
627 811 692 852 καὶ
740 809 865 864 ἤγουν

386 869 466 910 οἶα.

275 940 326 982 15
353 927 375 967 ὃ
391 927 696 968 Κωνσταντίνου
709 925 864 968 πόλεως

372 982 636 1040 Ἐπίσκοπος]
660 998 740 1024 om.

276 1050 322 1094 17
355 1038 615 1096 Ἀμμωνίου.]
638 1040 863 1094 Ἀμμωνίου

275 1156 325 1198 ¹8
379 1097 672 1212 Ξτῆεσβυτέρου.

357 1174 379 1198 ο
406 1174 427 1198 κ
481 1174 527 1199 ου
559 1188 567 1196 .

358 1173 610 1279 ἑπορκισέαὶ]
664 1214 729 1256 ε’πὶ
774 1214 860 1268 ὀρχ.

406 1287 463 1314 Slc
489 1303 498 1313 .

355 1273 560 1383 ἐτξόριέιζον
594 1329 663 1385 τὰ]
709 1330 862 1383 ἐπορκί-

382 1392 514 1437 ζοντα.

271 1456 324 1499 19
353 1447 408 1502 τῷ
427 1445 608 1500 ὀνόματι]
637 1443 683 1486 τὸ
704 1445 845 1498 ὄνομα.

270 1513 324 1557 29
355 1503 550 1555 ἀρνεῖται]
584 1503 761 1556 ἆρνηται.

267 1571 322 1615 33
355 1559 464 1616 οἶδά]
497 1559 586 1601 οἶδα
604 1561 691 1612 μὲν.

150 1616 237 1672 318
296 1629 324 1672 5
356 1615 499 1674 οὕτως]
532 1617 659 1660 οὗτος.

150 1686 236 1730 319
273 1687 322 1731 13
353 1673 614 1730 Ἀμμωνίου.]
635 1673 861 1728 Ἀμμωνίου

383 1731 671 1787 πρεσβυτέρου.

272 1800 320 1844 17
353 1790 554 1845 τοσοῦτοι]
588 1792 795 1831 τοσοῦτον.

269 1860 325 1891 20
354 1849 560 1903 τοιούτων]
596 1851 790 1889 τοιοῦτον.

268 1917 320 1961 23
355 1904 596 1961 κτήσωνταί]
632 1907 848 1947 κτίσονται.

149 1974 237 2019 320
274 1975 323 2006 12
355 1962 617 2020 κατασκευῆς]
635 1980 859 2017 παρασκευ-

382 2023 428 2073 ῆς
448 2022 492 2063 ἐκ
512 2022 594 2072 τῆς.

355 2078 556 2134 ἔχοντας,]
592 2078 760 2133 ἔχοντας
781 2077 858 2120 καὶ.

270 2149 320 2192 13
355 2137 604 2192 καταλύει-0.]
632 2137 841 2178 ἐκωλύετο.

270 2195 322 2236 18
353 2193 576 2250 προλήψει]
611 2193 859 2248 προσλήψει.

268 2263 324 2294 20
352 2250 578 2304 Ἀμμωνίου
633 2249 858 2305 πρεσβυτέ-

381 2326 466 2362 ρου.
515 2309 766 2362 Σημειωτέον
801 2310 861 2350 ὅτι

381 2365 587 2420 προφήτης
615 2366 666 2418 ἦν
693 2367 715 2407 ὁ
746 2369 857 2407 Παῦ-

381 2428 467 2472 λος,
489 2424 762 2478 προαγγείλας
801 2424 861 2465 ὅτι

382 2483 446 2522 δεῖ
471 2482 668 2523 ἀπελθεῖν
699 2482 754 2524 εἰς
782 2479 858 2522 Ἰε-

379 2538 590 2591 ρουσαλὴμ
611 2538 674 2580 καὶ
697 2539 752 2582 εἷς
766 2537 860 2580 Ῥώ-

382 2613 472 2648 μην-

149 2664 230 2708 321
270 2665 323 2694 10
353 2656 437 2695 Τοῦ
458 2653 609 2708 αὐτοῦ]
645 2655 728 2694 Τοῦ
756 2657 860 2707 Χρυ-

383 2711 598 2762 σοστόμου.

269 2780 324 2821 24
352 2766 615 2824 Ἀμμωνίου]
633 2766 859 2821 Ἀμμωνίου

381 2823 670 2879 πρεσβυτέρου.

268 2894 320 2939 25
354 2882 524 2939 ἐδεδείη]
558 2884 735 2925 ἐδεδείει.

149 2951 235 2996 322
271 2954 325 2994 14
353 2943 437 2983 Τοῦ
457 2942 588 2982 αὐτοῦ.
613 2939 740 3011 Ὅρα]
775 2943 860 2982 Τοῦ

382 2999 684 3052 Χρυσοστόμου.
733 2999 856 3053 Ορᾶς.

1550 222 1636 264 445

994 334 1000 341 .
1039 314 1102 341 Lin-

921 314 1008 405 31'382
1038 360 1095 404 32
1124 346 1352 401 Ἀμμωνίου
1404 345 1632 401 πρεσβυτέ-

1154 422 1240 459 ρου.
1284 405 1448 447 Τούτων
1482 404 1527 446 ἔν
1556 421 1634 446 τινι

1157 464 1298 504 ἑαυτοῦ
1323 463 1517 514 ἐπιστολῇ
1537 460 1635 515 μέμ-

1157 537 1270 572 νηται
1316 521 1338 562 ὁ
1388 520 1630 564 ἀπόστολος·

1155 578 1262 630 πλὴν
1285 578 1348 619 καὶ
1368 578 1393 630 ἡ
1413 578 1550 632 γραφὴ
1567 578 1635 619 αὖ·

1156 640 1239 679 τοῖς
1258 640 1459 689 μαρτυρεῖ,
1486 636 1548 677 ὅτι
1569 637 1634 678 διὰ

1155 692 1228 745 τὴν
1259 695 1396 735 πίστιν
1431 693 1495 735 καὶ
1532 694 1634 735 ἐκιν-

1155 752 1366 792 δύνευσαν.

923 821 1006 865 323
1068 821 1094 865 3
1123 809 1634 862 ΤοΰΧρυσοστόμου.Τού-

1156 883 1296 908 των-
1309 865 1630 923 ἐκινδύνευσαν.]

1156 923 1235 965 hoc
1256 923 1382 965 schol.
1404 938 1487 966 om.

1044 994 1098 1035 14
1128 981 1217 1037 Μὴ]
1251 985 1334 1023 Τοῦ
1354 982 1487 1023 αὐτοῦ.
1519 981 1605 1034 Μὴ.

923 1052 1011 1096 324
1045 1053 1094 1096 13
1126 1038 1388 1096 Ἀμμωνίου]
1405 1038 1632 1093 Ἀμμωνίου

1153 1095 1441 1151 πρεσβυτέρου.

922 1167 1006 1211 325
1070 1155 1094 1196 8
1126 1158 1209 1196 Τοῦ
1226 1155 1377 1210 αὖτοῦ.]
1404 1159 1487 1197 Τοῦ
1502 1159 1630 1210 Χρυσ.

1043 1224 1093 1266 17
1126 1213 1411 1269 διαθηλασθαι]
1441 1215 1630 1256 -λασθὲν,

1043 1272 1092 1311 18
1123 1268 1559 1325 Ἰσιδώρου]Ἰσιδῶρου
1574 1273 1632 1324 ἐξ.

1040 1340 1095 1370 20
1125 1329 1261 1383 τινὲς,]
1296 1329 1414 1377 τινὲς,
1437 1331 1494 1371 δὲ.

1040 1398 1091 1441 23
1123 1386 1631 1450 Aconerqfisquasinomen

1152 1458 1390 1500 proprlum.

920 1500 1007 1556 326
1067 1514 1093 1556 9
1123 1504 1208 1542 Τοῦ
1229 1501 1384 1559 αὐτοῦ.]
1415 1504 1500 1543 Τοῦ
1518 1506 1594 1556 Χρ.

1039 1570 1090 1614 23
1123 1557 1357 1614 ὑπήκουον]
1391 1559 1581 1612 ὑπήκοον.

920 1627 1002 1671 327
1039 1628 1096 1668 24
1123 1619 1208 1657 Τοῦ
1228 1617 1384 1672 αὐτοῦ]
1418 1621 1502 1659 Τοῦ
1522 1622 1600 1672 Χρ.

919 1686 1004 1729 329
1041 1687 1087 1714 11
1122 1672 1386 1731 Ἀμμωνίου]
1403 1673 1630 1729 Ἀμμωνίου

1151 1731 1442 1785 πρεσβυτέρου.

1121 1788 1192 1830 τὸν
1224 1790 1473 1842 καλούμενον
1506 1792 1630 1834 Εὔτυ-

1150 1847 1260 1904 χον.]
1282 1848 1464 1902 Εὔτυχον
1476 1850 1547 1892 τὸν
1563 1867 1629 1892 κα-

1149 1905 1359 1957 λούμενον.

916 1974 1004 2018 330
1033 1975 1085 2018 31
1120 1960 1384 2018 Ἀμμωνίου]
1401 1961 1629 2016 Ἀμμωνίου

1147 2019 1437 2074 πρεσβυτέρου.

914 2090 997 2134 331
1035 2089 1083 2119 21
1119 2076 1209 2134 τοῦ]
1242 2080 1323 2130 τῆς.

914 2147 1000 2192 332
1035 2147 1087 2192 29
1118 2134 1382 2191 Ἀμμωνίου]
1402 2134 1628 2190 Ἀμμωνίου

1149 2193 1438 2248 πρεσβυτέρου.

1064 2260 1085 2304 7
1123 2250 1166 2307 ὁ]
1188 2266 1272 2293 om.

1038 2323 1090 2350 10
1122 2324 1238 2364 αυτῳ·
1287 2310 1424 2364 ἑαυτῷ.

1036 2378 1090 2418 24
1119 2365 1235 2421 λήψῃ
1282 2366 1397 2422 λήψῃ
1419 2366 1496 2407 καὶ·

1034 2424 1088 2466 26
1118 2424 1427 2478 ὑποστίξαντας]
1468 2423 1628 2476 στίξαν-

1147 2497 1228 2523 τας.

915 2550 1002 2593 334
1035 2549 1087 2593 29
1118 2536 1531 2610 ΤοῦΧρυσοσἾ-όμου.]
1543 2543 1629 2582 Τοῦ

1147 2612 1281 2636 αυτου.

1031 2664 1085 2707 33
1118 2650 1381 2708 Ἀμμωνίου]
1399 2652 1627 2707 Ἀμμωνίου

1144 2710 1437 2764 πρεσβυτέρου.

1118 2766 1249 2825 λάβῃ]
1282 2767 1420 2820 λάβοι.

914 2837 997 2880 335
1035 2834 1085 2880 15
1117 2828 1201 2867 Τοῦ
1221 2825 1376 2883 αὐτοῦ]
1410 2830 1493 2869 Τοῦ
1520 2830 1624 2882 Χρυ-

1150 2881 1364 2935 σοστόμου.

1036 2953 1052 2981 1
1061 2939 1086 2980 8
1118 2940 1377 2998 ἆποθανεῖτε]
1387 2941 1623 2996 ἆποθανῆτε.

1034 2998 1088 3041 26
1118 2996 1247 3053 ἡμῖν,]
1269 2999 1389 3051 ἡμῶν.

916 2263 1000 2308 333
