1962 3354
386 258 472 301 426

387 351 454 428 {a}
473 350 536 426 {lg
561 386 658 425 Σινᾶ
681 383 762 438 καὶ]
787 386 886 425 Σινᾶ
907 383 970 425 καὶ
986 383 1087 437 φλέ-

590 439 714 491 ξαντι,

481 511 528 538 11
565 497 634 551 ὡς]
670 498 713 539 ὦ.

478 567 534 606 24
563 554 778 609 πληθῆναι]
814 557 1056 606 πλησθῆναι.

478 623 530 667 25
564 611 783 666 κατιόντος]
820 611 1034 655 κατιέντος.

475 682 527 724 3ῐ
564 667 710 724 εἰπεῖν]
745 670 865 710 εἶπεν.

392 738 446 770 22
508 741 532 780 9
566 725 658 779 οῦν]
688 725 771 767 οὐκ.

506 783 529 823 8
561 783 896 840 χειροτονεῖσθαι]
915 800 1091 838 χειροτο-

593 842 747 881 νεῖσθαι
768 840 990 894 ἀρχιερέας,

391 910 447 950 24
504 910 528 952 3
564 897 647 951 σοι]
682 913 755 938 τοι.

503 964 530 1010 5
563 954 766 1012 ἀπαρχὴν]
803 964 848 995 ut
869 954 988 995 infra.

479 1025 532 1053 10
562 1015 706 1052 λαλεῖν
763 1021 807 1052 ut
829 1011 948 1052 infra.

479 1081 529 1111 12
563 1069 927 1123 ἀποφθεγγεσθαι·]
993 1070 1090 1110 ἀπο-

589 1125 850 1179 φθέγγεσθαι·
902 1127 970 1167 οὐκ
1007 1126 1092 1168 εἶπε

592 1183 853 1236 φθέγγεσθαι,
877 1182 967 1224 ἀλλ’
991 1185 1089 1224 ἀπο-

592 1240 856 1293 φθέγγεσθαι.

392 1305 443 1350 25
510 1310 525 1336 1
563 1297 666 1350 Οὐκ]
699 1300 781 1338 Τοῦ
803 1298 933 1338 αὐτοῦ.
966 1299 1062 1339 Οὐκ.

507 1354 532 1394 6
561 1356 644 1394 Τοῦ
661 1354 983 1408 Χρυσοστόμου.]
1007 1359 1089 1396 Τοῦ

592 1427 723 1451 αυτ-ου.

504 1480 530 1521 9
560 1465 688 1522 Ἀντὶ]
724 1469 915 1522 Σχόλιον.
945 1467 1067 1510 Ἀντί.

478 1537 530 1575 14
554 1521 862 1581 Ἵνα-ἐθνῶν]
885 1540 964 1566 om.

479 1591 528 1633 17
562 1581 632 1636 τῷ]
658 1596 739 1622 om.

391 1639 444 1680 26
480 1650 532 1680 20
561 1642 644 1679 Τοῦ
676 1639 826 1693 αὐτοῦ]
871 1643 954 1681 Τοῦ
983 1644 1085 1694 Χρυ-

591 1696 803 1748 σοστόμου.

474 1764 531 1806 30
561 1755 644 1793 Τοῦ
664 1754 796 1808 ἁγίου]
822 1768 903 1795 om.

475 1820 530 1864 32
560 1811 838 1867 ἐγνωρίζοντο]
849 1813 1086 1865 ἐγνωρίζετο.

477 1879 531 1921 33
567 1867 643 1907 Καὶ
662 1866 744 1918 μετ’
767 1868 906 1924 ὀλίγα]
930 1884 1012 1910 om.

393 1933 442 1975 27
509 1937 527 1963 1
564 1923 718 1975 ἔλαβον
757 1924 853 1968 τέως
893 1928 1088 1980 χαρίσμα-

590 1982 670 2036 τα,]
705 1981 801 2026 τέως
831 1982 986 2036 ἔλαβον
1015 1984 1088 2038 χά-

590 2055 726 2090 ρισμα.

505 2108 531 2148 5
564 2098 752 2137 τοσαῦται
772 2098 974 2151 γλῶσσαι]
1000 2113 1090 2138 τοσ-

593 2152 726 2195 αύταις
745 2153 964 2205 γλώσσαις.

510 2216 530 2260 7
564 2208 743 2262 ἀπαρχαί
749 2210 780 2263 ;]
801 2210 979 2263 ἀπαρχαί
984 2229 994 2258 ;
1014 2213 1087 2252 καί.

506 2277 531 2318 9
564 2267 819 2320 συνεισῆγον]
856 2269 1039 2320 συνῆγον.

480 2335 526 2363 11
561 2323 846 2380 ὑποφαίνηται]
921 2326 1087 2378 ὑφαίνη-

592 2395 667 2420 ται.

480 2445 530 2490 25
561 2436 911 2509 χεέροτονουμένῳ]
941 2456 1090 2493 χειροτ.

592 2511 635 2534 ω.

479 2562 532 2605 29
565 2534 745 2601 ἀπήεσαν
779 2550 838 2607 ἐς]
881 2551 1090 2604 ἆπήεσσαν

593 2624 661 2650 εις.

476 2675 533 2717 30
563 2664 751 2718 βοηθοὺς]
785 2668 1076 2719 παραβοηθούς.

395 2720 446 2761 28
513 2733 530 2760 1
569 2721 741 2775 ἐξέλθοι]
777 2723 932 2775 ἐξέλθη.

509 2790 533 2820 2
566 2779 871 2835 καταλαμπέτω]

591 2840 736 2887 λαμπε.

505 2904 530 2946 3
562 2892 739 2947 βόρεια·]
779 2893 911 2946 βόρια.

393 2957 446 3001 29
511 2960 529 2987 1
563 2951 645 2988 Τοῦ
681 2949 835 3003 αὐτοῦ]
872 2954 954 2992 Τοῦ
984 2955 1087 3004 Χρυ-

593 3007 806 3057 σοστόμου.

972 2780 1089 2822 κατά-

766 261 1090 302 VARIETAS
1123 261 1466 303 LECTIONIS

1149 349 1212 438 {a}
1233 351 1295 438 ἓξ
1319 383 1584 440 πλήττωνται]
1617 384 1760 427 πλάττ.

1235 453 1259 496 3
1270 454 1286 481 1
1322 442 1412 499 οὖν]
1437 456 1519 484 om.

1236 510 1291 554 32
1321 497 1603 572 Ἀντιοχείας]
1670 471 1846 554 Ἀντιοχ.

1349 557 1514 607 ὑπακοη.

1149 625 1206 668 30
1239 625 1292 664 24
1323 614 1597 671 Σευηριανοῦ]
1628 615 1712 655 Τοῦ
1735 613 1850 667 ἁγίου

1349 673 1600 723 Σευηριανοῦ.

1148 739 1199 782 31
1263 740 1286 780 3
1319 730 1403 824 ΤΞῦ
1421 728 1742 783 Χρυσοστόμου.]
1764 725 1849 769 Ἰω-

1237 853 1291 892 24
1322 800 1671 899 ἐγέζᾷἶο-θέντεςλ
1714 842 1845 897 ἔγχει-

1347 897 1568 950 ρισθέντος.

1238 955 1290 997 28
1322 959 1399 996 τῶν
1448 954 1698 1014 Οὗαλέντος]

1353 1014 1449 1053 κατὰ
1469 1012 1756 1055 Οὐαλεντίνου.

1238 1080 1290 1122 29
1322 1069 1519 1123 πέμψειν]
1550 1069 1716 1124 πέμψει.

1235 1138 1291 1181 30
1323 1126 1513 1181 ἔπεμψε,]
1549 1127 1739 1181 ἔπεμψαι.

1241 1196 1288 1238 13
1320 1181 1472 1239 Ἰωήλ·]
1534 1182 1665 1236 Ἰωήλ·
1716 1185 1758 1226 τί
1803 1185 1848 1226 ἐν

1347 1238 1465 1291 Ἰωὴλ
1490 1242 1620 1294 κυρίου
1641 1244 1746 1290 θεοῦ,
1768 1241 1848 1284 ἀπὸ

1349 1314 1417 1338 του
1438 1299 1552 1339 πνεύ.

1239 1355 1289 1394 16
1320 1353 1522 1409 διάφορος]
1558 1356 1767 1409 διαφόρως.

1236 1422 1288 1452 22
1319 1412 1340 1451 ὁ
1361 1413 1425 1468 τῇ]
1464 1412 1539 1453 ὅτι.

1319 1468 1471 1523 ἄλλως]
1506 1469 1642 1512 ἄλλως
1660 1470 1697 1510 ὁ.

1236 1537 1287 1579 25
1321 1525 1733 1582 ἐνυπνιασθήσονται,]
1808 1526 1844 1567 ἔ-

1347 1587 1519 1635 βλεπον.

1319 1639 1463 1693 γῆρας]
1492 1639 1627 1694 7⁷59&-

1319 1696 1409 1751 τὴν]
1432 1712 1516 1739 om.

1237 1753 1289 1794 26
1321 1754 1463 1807 ἀρετὴν
1500 1754 1554 1807 μὴ
1589 1753 1844 1808 ὑβριζέσθω.]

1350 1812 1423 1864 ἆρτ
1535 1810 1756 1865 ὑβριζέσθω
1777 1810 1845 1852 sic.

1233 1881 1286 1923 31
1323 1868 1467 1926 ἔχειν]
1500 1877 1603 1925 spat.
1622 1883 1707 1909 vac.

1233 1938 1290 1981 32
1321 1926 1364 1967 τὸ
1385 1928 1461 1980 γὰρ
1489 1927 1615 1967 αὐτῶν
1638 1923 1770 1978 μόνων
1791 1923 1844 1967 εἴ-

1350 2000 1427 2031 ναι,
1448 1982 1572 2039 βασ-]
1594 1991 1699 2039 spat.
1717 1997 1807 2023 vac.

1147 2053 1200 2095 33
1267 2054 1285 2081 Ι
1319 2041 1405 2095 τῆς]
1440 2045 1523 2082 τοῦ.

1267 2109 1291 2138 2
1323 2097 1649 2152 Καταγγέλλετε]
1686 2099 1845 2149 Καταγ-

1348 2153 1549 2207 γέλλεται.

1261 2223 1285 2266 3
1321 2210 1609 2265 κατέπεμψεν]
1640 2208 1733 2251 κατέ
1738 2241 1841 2250 ......

1348 2277 1453 2324 spat.
1472 2283 1558 2309 vac.

1261 2337 1287 2379 5
1321 2325 1452 2368 αὐτοῖς
1478 2324 1842 2379 ἀποφθέγγεσθαι·]

1349 2381 1678 2436 ἀποφθέγγεσθαι
1702 2381 1844 2424 αὐτοῖς.

1264 2452 1284 2491 7
1320 2438 1481 2495 εἷπεῖν,]
1514 2441 1637 2490 εἷπῆν.

1769 959 1849 998 τῶν

1148 1196 1203 1238 32

1263 2496 1286 2536 8
1319 2497 1406 2539 τοὺς
1425 2495 1736 2550 πρεσβυτέρους]
1765 2497 1846 2538 τοῖς
1906 2507 1911 2515 ·

1347 2552 1646 2606 πρεσβυτέροις.

1263 2623 1288 2664 9
1321 2608 1642 2665 ἐνυπνιάζεσθαι]
1692 2610 1845 2650 ἐνυπνι-

1348 2670 1481 2708 ἃσθαι.

1238 2736 1289 2764 10
1321 2725 1371 2767 ὡς
1393 2723 1456 2780 ἐν]
1487 2725 1531 2764 ἐν
1551 2724 1612 2767 ὣς.

1238 2792 1288 2822 12
1320 2779 1587 2837 ἀκμάζουσαν]
1610 2778 1748 2833 ἀγμάζ.

1238 2851 1255 2877 Ι
1261 2847 1287 2892 5
1319 2837 1383 2892 τὸ]
1420 2841 1502 2878 τοῦ.

1239 2897 1289 2935 16
1320 2895 1517 2949 δεύτερον]
1552 2892 1744 2946 δευτέρου.

1238 2961 1285 3005 17
1320 2951 1509 3005 εὔτονος]
1535 2951 1690 2993 εὔτονος
1704 2949 1765 2990 καὶ
1782 2964 1844 2990 νε-

1348 3008 1460 3051 ανίας
1479 3006 1550 3058 τὴν
1570 3005 1664 3057 ἕξιν.
