1962 3354
741 244 1065 286 VARIETAS
1097 245 1380 288 LECTION
1385 246 1440 288 IS

1243 439 1293 480 27
1326 427 1417 482 μὲν]
1453 427 1528 478 μὲν
1548 426 1690 470 αὐτῶν.

1323 488 1406 527 τοῖς
1442 482 1679 537 Ἰουδαίοις,]
1735 485 1826 531 τοὺς

361 244 446 285 444

377 333 434 366 1³³ss
399 341 442 366 ag.
468 333 520 359 mn

366 368 448 421 298
483 367 536 410 26
564 365 758 423 Σευήρου]
770 366 944 421 Σευήρου
957 369 1068 423 ἆρχι-
1122 335 1205 425 307
1244 370 1294 411 18
1325 367 1393 426 ὃν]
1425 370 1496 411 ὧν.

597 424 827 466 επισκόπου.

565 478 853 579 ’ὶιὲἓιιστάσιοῆ
871 480 1067 525 Ἀναστα-

479 607 537 649 34
566 594 705 649 φύσις]
731 595 851 648 φύσις
871 599 962 638 τῶν.

368 663 448 707 299
509 664 535 706 9
565 654 648 692 Τοῦ
662 652 969 709 Χρυσοστόμου]
984 668 1064 695 om.

566 708 656 761 τοῦ]
686 712 756 750 τοῦ
777 712 847 752 εἷς.

483 777 532 818 17
566 766 644 806 Καὶ
662 764 744 817 μετ’
766 766 906 837 ὀλίγα]
929 782 1011 808 om.

475 835 533 877 30
561 821 798 875 Ἀμμωνίου.
803 822 820 879 ]
841 822 1065 876 Ἀμμωνίου

591 878 877 934 πρεσβυτέρου.

361 950 441 992 301
508 936 531 977 8
562 939 1065 1008 ΤοῦΧρυσοστόμου.]Τοῦ

595 994 726 1035 αὐτοῦ.

483 1050 532 1091 18
563 1053 646 1091 Τοῦ
667 1051 819 1106 αὐτοῦ]
853 1055 936 1094 Τοῦ
957 1057 1061 1106 Χρυ-

591 1109 806 1160 σοστόμου.

476 1177 528 1219 31
563 1163 686 1220 αὐτῷ]
719 1165 828 1207 αὐτὸ.

360 1234 445 1276 302
478 1234 530 1264 22
561 1224 644 1263 Τοῦ
670 1221 823 1279 αὐτοῦ]
855 1226 937 1265 Τοῦ
956 1227 1058 1277 Χρυ
1076 1266 1081 1278 Υ,

591 1280 804 1331 σοστόμου.

478 1347 530 1389 29
560 1333 815 1408 Ἀμμωνίου]
837 1334 1062 1388 Ἀμμωνίου

590 1390 875 1446 πρεσβυτέρου.

561 1449 620 1490 ὅτι
642 1448 860 1505 εἰργάζετο]
902 1450 963 1491 ὅτι
1000 1451 1062 1492 καὶ

591 1505 801 1559 εἰργάζετο.

359 1574 441 1618 303
505 1572 527 1616 7
562 1563 848 1618 ἀπιστούντων]
888 1563 1062 1605 ἀποστα-

587 1620 773 1661 τούντων.

479 1689 530 1717 10
563 1675 763 1748 ἐπιφέρει]
787 1675 966 1730 ἐπιφέρει
982 1678 1059 1732 ἐφ’.

478 1747 531 1786 14
560 1731 738 1788 γένηται]
773 1733 972 1788 γέννηται.

558 1791 695 1832 τούτου
698 1792 728 1846 ,]
755 1794 881 1832 τοῦτο.

358 1861 444 1903 304
478 1860 527 1903 13
558 1846 816 1902 Ἀμμωνίου]
833 1847 1058 1902 Ἀμμωνίου

587 1903 873 1958 πρεσβυτέρου.

473 1973 529 2013 24
558 1961 741 2034 ἀνδρίαν]
774 1963 970 2014 ἀνδρείαν.

470 2031 528 2073 30
557 2018 716 2073 λοιπὸν]
742 2034 823 2060 om.

356 2087 439 2130 305
475 2088 526 2130 19
557 2077 961 2131 ΤοῦΧρυσοστόμου.]
973 2079 1056 2118 Τοῦ

587 2149 717 2173 αυτου.

473 2201 521 2231 21
557 2189 748 2243 δείκνυσι]
832 2188 1054 2241 Ἀμμωνίου

583 2244 868 2299 πρεσβυτέρου.
935 2248 1052 2288 Δείκ-

584 2319 688 2343 νυσι.

353 2359 439 2413 306
497 2371 522 2414 3
554 2362 636 2399 Τοῦ
658 2359 809 2415 αὐτοῦ]
843 2363 926 2402 Τοῦ
946 2364 1052 2414 Χρυ-

584 2417 797 2469 σοστόμου.

472 2485 524 2513 10
552 2470 788 2525 Ἀμμωνίου.
793 2473 811 2529 ]
828 2472 1053 2526 Ἀμμωνίου

581 2529 868 2583 πρεσβυτέρου.

472 2598 525 2634 14
556 2587 708 2643 ἐπειδὴ]
733 2586 866 2638 ἐπειδη
881 2590 1050 2640 μᾶλλον.

474 2642 521 2683 18
555 2643 658 2700 ἰδοὺ]
689 2644 771 2685 ἰδοὺ
792 2645 867 2685 καὶ.

352 2710 434 2754 307
494 2712 523 2751 4
553 2703 666 2740 τοῦτο
686 2701 751 2755 ἢν]
786 2704 854 2742 τοῦ
874 2700 935 2752 ἧν.

494 2770 520 2810 5
549 2755 660 2827 τοὺς]
692 2762 787 2800 τοῖς.

495 2825 517 2866 7
549 2811 806 2884 Ἀ.μμωνίου]
827 2812 1051 2866 Ἀμμωνίου

577 2870 862 2924 πρεσβυτέρου.

494 2925 518 2965 8
549 2926 744 2997 πράττει·]
775 2927 938 2980 πράττη.

467 2994 519 3023 10
549 2982 787 3039 ἀκόλουθον]
802 2985 1046 3026 ἀκολουθεῖν.

1350 539 1577 584 Ἰουδαίους.

1324 597 1384 651 δὲ]
1408 612 1490 639 om.

1121 653 1205 710 308
1271 668 1289 695 Ι
1323 654 1413 709 τὴν]
1438 669 1520 697 om.

1121 724 1206 767 309
1265 725 1290 767 3
1322 714 1406 752 Τοῦ
1498 710 1820 770 Χρυσοστόμου]

1349 767 1586 821 Ἀ.μμωνίου

1241 837 1292 867 12
1320 826 1509 896 ἆπαίρω·]
1544 824 1689 879 ἀπέρω.

1241 882 1290 922 18
1320 880 1556 935 Ἀμμωνίου.
1560 881 1675 939 ]Τοῦ
1691 883 1821 927 αὐτοῦ.

1234 952 1286 994 31
1322 938 1394 994 ὡς]
1427 940 1478 983 ὡς
1498 941 1533 981 ὁ.

1120 1009 1206 1051 310
1237 1008 1293 1048 24
1322 996 1524 1050 ὁΧριστὸς
1537 995 1814 1053 ἔπεδήμησεν,]

1351 1053 1624 1106 ἐπεδήμησενὸ
1635 1054 1819 1107 Χριστὸς.

1234 1122 1290 1165 32
1319 1109 1578 1181 Ἀμμωνίου]
1598 1109 1821 1163 Ἀμμωνίου

1348 1166 1633 1240 πρεσβυτέρου.

1233 1237 1287 1280 33
1317 1222 1645 1297 παρακατιόντες]
1675 1241 1818 1297 παρα-

1347 1280 1546 1325 κατιόντες
1557 1298 1624 1323 του
1608 1279 1762 1336 λόγου
1775 1283 1820 1324 ἐν

1346 1336 1511 1393 Ἐφέσῳ
1531 1339 1656 1382 ὄντες.

1117 1407 1197 1450 311
1266 1407 1290 1435 2
1321 1393 1390 1451 τῇ]
1412 1409 1497 1436 om.

1260 1464 1290 1504 4
1320 1452 1382 1492 καὶ
1403 1452 1459 1506 οἱ]
1494 1452 1546 1495 ὥς
1564 1453 1615 1493 οἱ.

1264 1520 1286 1561 7
1319 1508 1441 1562 ὅλως]
1475 1509 1580 1552 ὅλος.

1232 1577 1289 1620 34
1318 1563 1725 1622 ΤοῦΧρυσοστόμου.]
1735 1568 1819 1607 Τοῦ

1346 1639 1480 1663 αυτου.

1116 1691 1201 1734 312
1259 1687 1286 1734 5
1320 1676 1675 1733 καταλελυμένον,]
1703 1680 1815 1722 ἐκλε-

1346 1734 1531 1788 λυμένον.

1235 1805 1287 1833 10
1317 1792 1564 1847 ὁλοσχερῶς]
1596 1790 1814 1847 ὁλοσχερέ-

1344 1867 1498 1903 στερον.

1235 1917 1286 1948 12
1317 1905 1414 1961 γὰρ]
1446 1909 1558 1960 γοῦν.

1234 1976 1286 2015 14
1316 1962 1387 2018 ὢν]
1422 1963 1478 2006 ὢν
1497 1962 1604 2013 ζέων.

1113 2032 1138 2074 3
1149 2032 1196 2074 13
1257 2032 1286 2072 4
1309 2019 1530 2076 Ῥωμαίοις]
1540 2019 1744 2073 Ῥωμαίοις
1756 2021 1813 2063 δὲ.

1314 2078 1616 2133 προσαγορεύει]
1665 2094 1814 2132 προσα-

1343 2135 1534 2186 γορεύειν.

1226 2202 1284 2245 34
1312 2190 1481 2245 ἀπαιτῶ]
1517 2191 1660 2231 ἆπετῶ.

1111 2259 1197 2302 314
1260 2259 1278 2287 1
1311 2250 1476 2302 πιστῶς]
1511 2246 1662 2290 πιστὸς.

1255 2316 1285 2356 4
1315 2305 1386 2358 εἰς]
1422 2306 1476 2348 εἰς
1495 2303 1575 2346 τὸν.

1257 2363 1280 2402 8
1311 2361 1538 2418 βάπτισμα]
1602 2359 1811 2414 βάπτισμα

1338 2419 1585 2469 βαπτισθεὶς.

1254 2487 1279 2527 9
1311 2474 1402 2572 θῦνε]
1434 2476 1504 2516 οὖν
1524 2473 1560 2516 ὁ.

1309 2529 1373 2572 Ἰω
1404 2532 1516 2586 ννου]
1531 2530 1718 2573 Ἰωάννου
1729 2530 1809 2583 βά-

1339 2605 1500 2640 πτισμα.

1229 2658 1274 2685 11
1311 2645 1389 2699 καὶ]
1417 2659 1499 2685 om.

1227 2715 1275 2756 13
1309 2700 1330 2742 ὁ
1348 2702 1451 2755 ἔχων
1466 2703 1631 2753 Πνεῦμα
1639 2699 1804 2759 ‘'Aytov]

1336 2773 1419 2798 om.

1309 2815 1424 2871 αὐτὸ]
1458 2814 1575 2871 αὐτῷ.

1227 2872 1276 2912 16
1309 2872 1480 2927 κωλύον]
1515 2872 1688 2913 κωλύων.

1225 2939 1278 2970 22
1308 2928 1352 2968 τὸ
1366 2927 1556 2985 ἀόρατον]
1578 2931 1627 2970 τὰ
1640 2927 1800 2981 ἀόρατα.

1222 2986 1274 3026 26
1305 2985 1387 3033 οὖν,
1409 2983 1454 3042 ᾗ]
1486 2986 1568 3033 οὖν,
1591 2987 1639 3027 εἰ.
