1962 3354
360 217 442 255 456

413 315 484 363 μς-’.
526 327 574 363 14
577 324 615 364 5,
643 326 706 363 23.
776 314 841 351 ἀπὶ
873 313 969 362 λᾶγου
1000 314 1061 359 κη’.

419 380 509 416 214,
534 381 567 406 1.
637 372 674 406 ἐκ
704 370 762 413 τῆς
787 368 860 416 πρὸς
887 365 1063 417 Εὔπράξιον

414 423 667 472 κουβικουλάριον
695 422 888 471 ἀποκρίσεως
914 432 981 469 40,
1001 432 1061 469 14.

420 477 508 521 108,
535 489 567 513 1.
635 479 672 513 ἐκ
705 480 759 512 τοῦ
787 477 859 524 πρὸς
890 472 1065 524 Εὖπράξιον

414 529 594 579 γραφέντος
613 541 679 578 47,
695 539 732 579 5.
778 533 815 566 ἐκ
834 533 889 566 τοῦ
902 529 1064 578 πρὶςἺου-

415 584 523 621 λιανὸν
553 582 798 633 Ἁλικαρνασέα
830 585 1065 630 συντάγματος

416 649 482 686 44,
495 648 534 685 4.
563 649 628 687 45,
646 647 682 686 7.
718 647 804 687 145,
826 647 886 685 27.
942 639 979 673 ἐκ
1007 641 1062 672 τοῦ

416 694 510 728 κατὰ
536 694 593 737 τῆς
620 697 676 728 τοῦ
697 688 958 739 *Αλικαρνασέως
982 693 1063 726 ἀπο-

416 747 529 794 λογίας
556 747 791 794 συντάγματος
821 744 886 789 68,
911 754 970 790 14.
1026 746 1063 780 ἐκ

416 804 472 836 τοῦ
488 803 530 842 εἷς
545 799 583 836 τὸ
591 798 726 847 εἈ’γιοςό
739 802 819 841 Θεὸς
832 799 1064 845 συντάγματος

415 864 482 901 44,
498 865 520 902 3
533 865 546 889 1
556 882 564 890 .
621 856 658 889 ἐκ
672 854 729 897 τῆς
741 853 812 901 πρὸς
823 851 944 900 Πέτρον
962 852 1065 898 μονά-

414 910 513 954 ζοντα
541 909 713 951 ἐπιστολῆς
741 904 805 950 82,
825 917 888 943 21.
955 908 993 941 ἐκ
1010 905 1068 948 τῆς

415 961 487 1010 πρὸς
497 965 612 997 Φωκὲἶν
624 962 795 1004 ἐπιστολῆς
808 959 922 1007 82,25
931 986 939 995 .
963 962 1000 994 ἐκ
1011 960 1069 1002 τῆς

416 1015 488 1063 πρὸς
510 1016 582 1057 τοὺς
606 1017 638 1051 ἐν
661 1017 702 1063 τῇ
728 1013 805 1062 μόνῃ
831 1017 886 1049 τοῦ
906 1014 1065 1048 Ἰσαάκου

416 1069 589 1112 ἐπιστολῆς
622 1076 708 1115 127,
743 1079 775 1105 1.
845 1070 882 1103 ἐκ
910 1067 968 1109 τῆς
994 1066 1065 1114 πρὸς

416 1123 565 1166 Ἰωάννην
575 1123 780 1171 στρατιώτην
792 1122 962 1164 ἐπιστολῆς
978 1131 992 1155 1
1001 1118 1065 1167 36,

420 1175 482 1212 28.
519 1179 556 1211 ἐκ
574 1177 630 1220 τῆς
644 1175 714 1224 πρὸς
729 1176 954 1210 Κωνστάντιον
965 1171 1063 1209 olm&-

414 1244 519 1265 πατον
534 1230 705 1273 ἐπιστολῆς
724 1240 737 1264 1
749 1239 769 1276 7
779 1239 812 1272 1,
834 1226 931 1264 Cod.
949 1225 1064 1263 Coisl.

425 1293 483 1330 14.
531 1286 568 1319 ἐκ
587 1284 642 1326 τῆς
659 1282 974 1331 πρὸςἈναστασιάν
993 1282 1065 1317 διά-

416 1352 500 1372 κονον
511 1337 683 1380 ἐπιστολῆς
700 1348 713 1371 1
724 1334 786 1378 88,
802 1346 864 1371 20.
894 1333 983 1384 298,
1000 1332 1062 1370 26.

417 1393 454 1426 ἐκ
479 1391 536 1433 τῆς
555 1390 627 1439 πρὸς
645 1388 775 1425 Σόλωνα
801 1390 967 1425 ἐπίσκοπον
993 1390 1064 1424 ἐπι·

417 1445 539 1487 στολῆς
570 1445 664 1479 κατὰ
696 1445 843 1489 Εὖχιτῶν
884 1453 974 1491 190,
1004 1452 1063 1489 13.

417 1500 455 1533 ἐκ
467 1498 524 1540 τῆς
536 1496 607 1546 πρὸς
622 1497 760 1545 Μήτραν
778 1496 978 1547 πρωτεύοντα
996 1497 1064 1530 ἐπι-

418 1552 537 1595 στολῆς
563 1561 652 1594 202,
670 1561 735 1597 30.
782 1552 820 1586 ἐκ
842 1550 899 1593 τῆς
918 1548 991 1597 πρὸς
1006 1552 1066 1583 Τι-

417 1604 530 1651 μόθεον
542 1605 805 1653 Ἀρχιεπίσκοπον
822 1599 1068 1650 Ἀλεξανδρείας

418 1660 594 1702 ἐπιστολῆς
623 1668 712 1705 224,
729 1668 793 1705 30.
850 1659 887 1692 ἐκ
914 1656 971 1699 τῆς
996 1655 1068 1704 πρὸς

417 1713 596 1754 Αἷδεσινοὺς
613 1712 799 1755 ἐπιστολῆς,
824 1718 913 1758 225,
939 1709 974 1746 8.
1030 1711 1068 1745 ἐκ

418 1767 476 1810 τῆς
493 1765 565 1815 πρὸς
582 1767 760 1813 Ἀμμώνιον
778 1765 951 1808 ἐπιστολῆς
976 1772 1066 1812 237,

804 215 983 254 INDEX
1011 213 1374 253 SCRIPTORUM.

1175 313 1237 351 18.
1283 315 1321 349 ἐκ
1339 313 1397 357 τῆς
1413 311 1484 361 πρὸς
1497 313 1719 348 Ἀναστάσιον
1733 313 1819 349 ὕπα-

1170 382 1224 403 τον
1256 367 1429 410 ἐπιστολῆς
1464 374 1508 414 25
1516 375 1553 414 5,
1578 365 1640 403 26.
1697 368 1734 402 ἐκ
1763 367 1820 411 τῆς

1170 420 1242 469 πρὸς
1255 418 1441 462 ἐπισκόπους
1455 421 1627 464 ἐπιστολῆς
1643 417 1734 468 258,
1751 430 1817 468 31.

1172 477 1210 510 ἐκ
1231 477 1286 510 τοῦ
1308 474 1401 510 κατὰ
1427 474 1484 518 τῆς
1507 472 1657 518 διαθήκης
1673 478 1816 520 Λαμπε-

1171 528 1239 564 τίου
1267 528 1501 575 συντάγματος
1535 536 1624 575 274,
1646 525 1708 563 26.
1781 529 1819 564 ἐκ

1171 585 1227 617 τοῦ
1251 582 1344 617 κατὰ
1362 577 1568 630 Ἀλέξανδρον
1587 582 1818 628 συντάγματος

1175 634 1264 684 296,
1284 645 1345 682 23.
1380 637 1417 670 ἐκ
1435 636 1492 678 τῆς
1505 634 1577 682 πρὸς
1591 636 1735 683 Μάρωνα
1749 636 1819 671 ἐτι-

1171 690 1290 732 στολῆς
1309 699 1400 736 323,
1421 698 1480 723 12.
1527 691 1564 724 ἐκ
1585 689 1642 732 τῆς
1659 687 1731 736 πρὸς
1747 691 1817 724 Μι-

1171 742 1263 786 σαὴλ
1276 742 1527 789 κουβικουλάριον
1540 742 1713 786 ἐπιστολῆς
1725 750 1817 790 349,

1175 807 1236 832 20.
1283 799 1320 832 ἐκ
1341 799 1397 830 τοῦ
1415 796 1507 831 κατὰ
1531 799 1595 831 τῶν
1623 795 1819 831 κωδικέλλων

1173 846 1415 898 Ἀλεξανδρείας
1435 859 1525 897 379,
1544 848 1579 884 8.
1615 859 1707 897 390,
1724 847 1762 885 6.

1122 904 1279 940 Severus
1288 900 1818 951 ArchiepiscopusAntiochiae

1179 968 1241 1002 20,
1258 967 1297 1003 4,
1315 967 1379 1004 33.
1423 955 1560 998 21‚18.
1597 966 1732 1004 29,32.
1751 966 1817 1003 43,

1177 1022 1238 1058 23.
1262 1009 1403 1058 47,26.
1432 1009 1620 1058 58‚1.33.
1655 1009 1739 1053 108,
1758 1008 1818 1046 16.

1177 1076 1238 1101 20.
1255 1064 1317 1100 26.
1342 1063 1429 1106 116,
1442 1075 1506 1111 34.
1532 1074 1620 1111 143,
1637 1072 1698 1112 15.
1730 1062 1817 1111 163,

1177 1129 1241 1166 23.
1284 1126 1374 1166 253,
1404 1128 1464 1154 20.
1507 1126 1596 1165 271,
1623 1127 1685 1164 24.
1724 1115 1818 1154 Cod.

1174 1169 1292 1208 Coisl.
1334 1171 1422 1220 298,
1439 1182 1502 1218 32.
1532 1170 1625 1218 418,
1642 1181 1679 1219 3.

1119 1224 1383 1263 Theodoretus
1415 1228 1453 1261 ἐκ
1481 1227 1538 1269 τῆς
1568 1222 1732 1273 ἑρμηνείας
1763 1225 1820 1268 τῆς

1172 1280 1294 1327 πρώτης
1328 1283 1392 1315 τῶν
1425 1283 1607 1314 Βασιλειόν
1642 1289 1730 1326 219,
1755 1288 1817 1326 29.

1176 1344 1265 1380 229,
1300 1332 1361 1369 26.
1420 1343 1512 1380 350,
1543 1331 1604 1368 28.
1660 1342 1752 1380 351,
1779 1339 1817 1379 5.

1173 1385 1267 1434 408,
1291 1395 1325 1434 7.

1118 1438 1341 1477 Theodorus
1356 1437 1549 1475 Heracleae
1565 1447 1652 1486 145,
1662 1449 1745 1488 3.9.
1758 1448 1818 1474 12.

1118 1492 1340 1530 Theodorus
1363 1492 1578 1529 Monachus
1605 1499 1644 1528 et
1662 1491 1820 1541 Presby-

1174 1554 1232 1583 ter
1248 1557 1312 1594 33,
1334 1546 1395 1583 18.
1420 1556 1509 1594 227,
1532 1557 1564 1582 1.
1584 1544 1677 1582 Cod.
1700 1543 1818 1583 Coisl.

1120 1599 1342 1637 Theodotus
1361 1600 1519 1650 Ancyrae
1539 1610 1604 1647 33,
1617 1598 1678 1636 18.
1701 1597 1767 1646 64,
1781 1609 1819 1646 3.

1178 1665 1226 1690 22
1258 1682 1268 1697 ,
1285 1665 1318 1690 1.

1121 1666 1354 1757 Theoghilus
1365 1706 1578 1757 Episcopus
1588 1703 1820 1744 Alexandriae

1182 1773 1270 1810 139,
1290 1770 1349 1809 15.

946 1842 1240 1873 *-

479 1914 720 1954 NOMINA
748 1912 1072 1954 AUCTORUM
1103 1912 1320 1951 OBITER
1348 1911 1705 1951 CITATORUM.

365 1985 510 2037 Aquilae
531 1985 660 2024 Versio
685 1998 773 2036 123,
790 1985 826 2023 6.

365 2041 502 2078 Aratus
524 2052 615 2090 295,
634 2040 698 2078 26.

365 2092 466 2131 Bion
486 2098 519 2132 ἐν
537 2096 648 2144 πρώτῳ
667 2097 853 2131 Αἰθιοπικῶν
876 2103 965 2140 143,
982 2089 1019 2127 6.

367 2148 659 2198 Chrysostomus
679 2150 826 2192 Ἰωάννης
850 2147 864 2182 ὃ
889 2150 1064 2181 Κωνσταν-

420 2203 505 2238 τίνου
537 2201 656 2244 πόλεως
687 2204 854 2242 ἐπίσκοπος
889 2198 978 2246 246,
1004 2206 1065 2245 17.

422 2264 514 2303 317,
537 2263 597 2302 27·
629 2265 775 2303 33424·
809 2251 959 2312 42‚2‚6·

367 2307 672 2345 Constitutiones
706 2305 934 2359 Apostollcae
968 2308 1001 2341 ἐν
1025 2305 1068 2350 ζ’.

420 2362 541 2408 βιβλίῳ
559 2366 622 2398 τῶν
646 2364 870 2398 ἀποστολικῶν
892 2355 1071 2401 διατάξεων

422 2426 514 2463 300,
534 2416 596 2452 28.

367 2469 555 2506 Eusebius
581 2473 613 2506 ἐν
636 2473 682 2516 τῷ
706 2467 838 2517 δευτέρῳ
865 2467 922 2511 τῆς
949 2469 1069 2510 ἐκκλη-

421 2525 598 2567 σιαστικῆς
627 2523 770 2571 ἱστορίας
797 2529 862 2570 95,
878 2530 943 2568 32.
976 2529 1069 2566 422,

425 2587 487 2624 24·
542 2578 556 2613 ὃ
576 2577 790 2625 κρονόνραφος
806 2585 900 2622 423-
919 2584 985 2621 33·

1124 1982 1316 2020 Homerus
1336 1995 1429 2032 401,
1448 1995 1512 2021 20.

1122 2037 1314 2087 Josephus
1337 2041 1370 2074 ἐν
1394 2044 1442 2084 τῷ
1469 2037 1520 2074 ιθ’.
1545 2034 1744 2087 βιβλίῳῗτῆς
1760 2040 1819 2087 ἀρ-

1173 2091 1365 2138 χαιολογίας
1384 2100 1449 2140 95,
1468 2102 1533 2138 31.
1571 2094 1605 2127 ἐν
1626 2095 1690 2133 τοῖς
1706 2097 1819 2127 τελευ-

1174 2145 1275 2186 ταίοις
1302 2146 1358 2188 τῆς
1386 2145 1560 2188 Ἰουδαϊκῆς
1592 2144 1822 2193 ἀρχαιολογίας

1176 2197 1242 2246 96,
1263 2208 1324 2234 21.
1365 2197 1453 2240 108,
1474 2208 1534 2245 23.

1123 2249 1436 2301 Martyrologium
1458 2248 1564 2288 Pauli
1583 2261 1676 2298 424,
1691 2262 1731 2298 4.

1125 2304 1308 2354 Origenes
1339 2308 1372 2341 ἐν
1398 2309 1445 2352 τῷ
1472 2306 1509 2342 ε’.
1537 2307 1734 2354 Στρωματεῒ
1762 2315 1821 2348 10,

1184 2369 1247 2406 17.

1122 2410 1257 2462 Papias
1284 2415 1318 2448 ἐν
1339 2415 1387 2458 τῷ
1411 2411 1451 2449 δ’.
1471 2412 1529 2456 τῆς
1553 2409 1733 2460 ἐξηγήσεως
1759 2415 1823 2448 τῢν

1178 2469 1341 2514 Κυριακῶν
1359 2464 1461 2513 λόγων
1483 2477 1499 2502 1
1510 2477 1545 2510 2,
1562 2477 1624 2502 22.

1126 2518 1373 2569 Septuaginta
1391 2522 1419 2554 οἱ
1437 2519 1656 2565 ἑβδομήκοντα
1681 2530 1695 2554 1
1706 2529 1769 2566 24,
1784 2517 1820 2555 6.

1124 2570 1398 2609 Theodotionis
1413 2571 1544 2609 Versio
1567 2584 1583 2609 1
1594 2583 1659 2620 23,
1676 2571 1714 2608 6.

940 2703 1262 2735 CORRIGENDA.

385 2759 532 2792 ramniu.

390 2803 442 2824 21.
460 2803 512 2834 31.
537 2791 680 2831 Ἐλύμων
695 2791 756 2832 leg.
772 2790 920 2830 Ἐλύμαν.

391 2845 443 2877 29.
485 2846 512 2867 1.
535 2848 573 2866 τε
587 2841 726 2874 τολμημ.
741 2834 803 2875 leg.
818 2839 950 2874 τετολμ.

390 2889 443 2919 42.
461 2886 510 2919 17.
534 2877 690 2917 ὁμότιμων
708 2877 769 2919 leg.
785 2876 944 2917 ὁμότιμον.

389 2929 442 2961 45.
465 2929 514 2962 17.
538 2922 574 2952 οὗ
589 2922 763 2960 κέγκαταλ.
778 2920 839 2961 leg.
852 2921 908 2951 οὔκ
921 2921 1075 2959 ἐγκαταλ.

391 2965 444 2996 68.
481 2974 512 3006 9.
534 2963 687 3005 παρθένου
700 2963 761 3004 leg.
777 2962 941 3004 παρθένον.

370 3008 445 3039 282.
462 3016 513 3048 30.
538 3005 683 3081 ἐνσάρκοό
694 3006 755 3081 1325.
780 3005 942 3048 ἐνσάρκου,
964 3003 1074 3046 ἐνσάρ-

585 3061 641 3080 κον
685 3058 713 3080 01
745 3070 752 3079 .

1120 2758 1185 2789 Pug.
1207 2757 1270 2783 Lin.

1121 2799 1194 2832 352.
1238 2798 1266 2831 7.
1287 2788 1452 2821 Ἰουδαίους
1467 2789 1528 2829 leg.
1543 2787 1712 2820 Ἰουδαίοις.

1118 2833 1193 2875 367.
1233 2843 1265 2874 3.
1287 2834 1423 2874 Σευήρου
1438 2832 1500 2873 leg.
1516 2832 1704 2873 Σευηριανοῦ
1717 2836 1756 2863 ut
1770 2840 1826 2872 pa-

1336 2882 1382 2907 tet
1396 2886 1415 2907 e
1430 2875 1507 2907 Cod.
1525 2875 1620 2907 Ooisl.

1118 2929 1193 2962 393.
1231 2928 1262 2960 5.
1285 2917 1414 2959 οὔράνου
1428 2918 1489 2959 leg.
1506 2918 1645 2960 οὐρανοῦ.

1118 2970 1194 3006 395.
1211 2972 1228 2993 2
1234 2972 1263 3002 3.
1285 2961 1343 2993 τὸν
1357 2961 1418 3002 leg.
1433 2961 1504 2999 τὴν.

1118 3013 1193 3046 417.
1211 3014 1265 3046 33.
1289 3003 1397 3046 θρόνον
1411 3004 1472 3046 leg.
1490 3001 1607 3046 θρόνου.
