1962 3354
140 192 351 236 XXVII.
378 202 420 248 7.
654 196 773 235 ΤΩΝ
806 194 1091 237 ΠΡΑΞΕΩΝ.
1529 190 1616 236 397

742 357 880 400 ΚΕΦ.
912 357 1010 400 AH.

184 459 303 494 Πλοῦς
323 455 466 493 Παύλου
485 456 542 492 ἐπὶ
558 455 691 502 Ῥώμην
709 455 873 492 κινδύνων
891 456 929 491 τὲ
948 455 1125 490 πλείστων
1144 453 1198 489 καὶ
1215 453 1377 501 μεγάλων
1394 453 1551 499 ἔμπλεως
1563 449 1586 488 ἱ.

102 577 119 606 1
212 554 301 608 Ὡς
333 552 383 606 δὲ
413 553 573 622 ἐκρίθη
611 558 696 604 τοῦ
735 554 973 605 ἀποπλεῖν
1006 552 1129 617 ἡμᾶς
1169 554 1233 605 εἰς
1267 550 1354 616 τὴν
1390 550 1616 612 Ἰταλίαν,

137 640 420 708 παρεδίδουν
445 638 530 692 τόν
554 662 605 692 τε
632 642 835 691 Παῦλον
865 638 947 689 καί
975 660 1105 692 τινας
1142 635 1326 703 ἑτέρους
1367 638 1619 700 δεσμῶτας

101 723 470 795 κέκατοντάρχῳ
496 723 692 790 ὀνόματι
724 723 927 794 Ἰουλίῳ,
953 723 1154 790 σπείρης
1181 723 1449 786 Σεβαστῆς.
1510 722 1614 772 ἐπι-
1630 740 1652 780 5

137 807 314 870 βάντες
363 807 414 860 δὲ
456 809 614 880 πλοίῳ
658 809 1046 878 Ἀδραμυττηνῷ,
1088 808 1320 874 μέλλοντι
1359 811 1499 860 πλεῖν
1542 807 1619 859 ἐπὶ

138 891 249 947 τοὺς
284 892 406 945 κατὰ
446 891 535 958 τὴν
573 894 752 945 Ἀσίαν
796 891 986 958 τόπους,
1025 891 1313 962 ἀνήχθημεν,
1352 890 1488 946 ὄντος
1525 890 1619 943 σὺν

98 996 124 1039 3
141 977 251 1044 ἡμῖν
289 977 615 1047 Ἀριστάρχου
660 976 940 1033 Μακεδόνος
984 976 1402 1031 Θεσσαλονικέως.
1464 979 1523 1044 τῇ
1567 998 1617 1027 τε

138 1062 275 1134 ἑτέρᾳ
301 1061 606 1132 κατήχθημεν
631 1067 694 1118 εἰς
722 1067 925 1116 Σιδῶνα·

203 1172 299 1214 Τοῖ-
334 1169 670 1214 ΧΡΓΣΟΣΤόΜοΤ.
731 1165 815 1214 Καὶ
845 1166 1105 1231 Ἀρίσταρχος
1137 1167 1261 1229 μέχρι
1285 1187 1358 1213 που
1383 1166 1616 1230 συνέρχεται
1637 1186 1683 1213 10

138 1249 194 1310 τῷ
226 1243 397 1309 Παύλῳ·
435 1250 567 1297 καλῶς
601 1242 670 1291 καὶ
701 1241 913 1307 χρησίμως
944 1245 1137 1306 πάρεστιν
1169 1245 1187 1290 o‘
1215 1242 1490 1307 Ἀρίσταρχος,
1514 1243 1620 1305 με’λ-

139 1333 215 1369 λων
237 1319 397 1369 ἅπαντα
419 1322 699 1385 ἀπαγγέλλειν
722 1322 780 1375 εἷς
805 1320 1056 1369 Μακεδονίαν
1079 1321 1133 1368 τὰ
1156 1320 1246 1386 περὶ
1269 1321 1404 1368 αὐτοῦ.

213 1416 578 1485 Φιλανθρώπως
603 1414 655 1468 τὲ
687 1417 713 1468 ὁ
746 1416 947 1472 Ἰούλιος
972 1419 1040 1487 τῷ
1079 1415 1266 1487 Παύλῳ
1300 1413 1618 1484 χρησάμενος,

137 1500 369 1571 ἐπέτρεψε
402 1500 524 1570 πρὸς
561 1500 670 1556 τοὺς
708 1502 882 1571 φίλους
921 1501 1196 1569 πορευθέντι
1233 1501 1501 1567 ἐπιμελείας
1537 1524 1619 1552 τυ-

138 1590 259 1655 χεῖν.
1636 1603 1681 1642 15

205 1682 300 1724 Τοῖ’
333 1675 478 1725 xssrroz.
537 1684 566 1704 ‘⁶
591 1676 879 1741 Φιλανθρῶπως
917 1676 1002 1724 τέ.”
1040 1675 1144 1730 εἷκδς
1179 1676 1259 1741 γὰρ
1301 1674 1346 1734 ἦν
1385 1674 1503 1723 αὐτὸν
1542 1674 1619 1722 ἀπὸ

138 1760 295 1812 πολλῆς
321 1754 530 1807 κακώσεως
556 1750 667 1811 εἷναι,
691 1760 764 1801 τῶν
788 1755 956 1815 δεσμῶν,
981 1759 1050 1800 τοῦ
1075 1752 1226 1813 φόβον,
1251 1758 1320 1800 τοῦ
1349 1752 1521 1815 ἄγεσθαι
1551 1750 1620 1799 καὶ

140 1832 347 1896 φέρεσθαι·
384 1831 454 1896 δ’ρα
475 1838 556 1885 πῶς
591 1831 675 1880 οὐδὲ
709 1837 825 1880 τοῦτο
856 1830 1036 1895 κρύπτει,
1062 1829 1122 1878 δ’τι
1153 1829 1347 1887 ἐβούλετο
1383 1826 1620 1891 ἐπιμελείας

140 1917 298 1974 τυχεῖν.

98 2023 130 2064 4
217 2005 450 2056 Κάκεῖθεν
475 2002 758 2072 ἀναχθέντες
792 2001 1162 2067 ὑπεπλεύσαμεν
1187 1999 1275 2066 τὴν
1303 2000 1518 2069 Κύπρον,
1544 1999 1621 2053 διὰ
1636 2024 1685 2049 20

98 2110 126 2154 5
139 2087 195 2141 τὸ
220 2087 331 2144 τοὺς
355 2087 554 2155 ἀνεμοὺς
580 2086 696 2141 εἶναι
720 2088 973 2143 ἐναντίους.
1022 2085 1077 2138 τό
1102 2109 1153 2138 τε
1178 2085 1394 2153 πέλαγος
1417 2085 1473 2138 τὸ
1499 2084 1621 2138 κατὰ

139 2173 227 2240 τὴν
260 2175 483 2226 Κιλικίαν
518 2175 595 2226 καὶ
622 2174 924 2244 Παμφυλίαν
963 2171 1352 2235 διαπλεύσαντες,
1381 2170 1620 2237 κατήλθο-

139 2281 228 2323 μεν
253 2263 318 2314 εὶς
344 2258 495 2327 Μύρα
518 2261 603 2324 τῆς
629 2258 822 2313 Λυκίας.

207 2354 302 2395 Tof
326 2348 471 2397 A¹1'·'r0“i'·.
520 2351 660 2396 Πάλιν
682 2346 917 2413 πειρασμοῖ,
942 2349 1064 2395 πάλιν
1087 2347 1222 2408 ἄνεμοι
1249 2346 1424 2394 ἐναντίοι·
1461 2345 1531 2408 ὅρα
1555 2346 1621 2393 διὰ

142 2428 295 2474 πάντων
329 2424 426 2473 οὕτω
457 2425 522 2473 τὸν
559 2425 648 2482 βίον
679 2433 753 2473 τῶν
787 2425 908 2488 ἁγίων
943 2424 1210 2485 ὑφαινόμενον·
1243 2423 1414 2486 ἐξέφυγε
1438 2421 1483 2470 τό
1507 2425 1621 2471 δικα-
1635 2449 1682 2486 25

143 2505 316 2566 στήριθν,
341 2501 411 2550 Καὶ
433 2502 716 2568 περιπίπτουσί
742 2501 916 2566 ναυαγίῳ
940 2508 1148 2565 χειμῶνος-

103 2602 130 2643 ⁶
221 2605 428 2655 Κάκεῖσε
455 2602 604 2671 εὑρὼν
630 2605 656 2655 ὁ
682 2602 1028 2670 ἑκατοντάρχης
1052 2606 1225 2653 πλοῖον
1248 2600 1622 2670 Ἀλεξανδρινὸν

103 2687 292 2748 7πλέον
317 2691 381 2743 εἰς
410 2689 636 2751 Ἰταλίαν,
662 2687 953 2750 ἀνεβίβασεν
990 2687 1113 2751 ἡμᾶς
1151 2689 1216 2740 εἰς
1253 2684 1384 2737 αὐτό.
1437 2686 1487 2736 ἐν
1513 2688 1615 2736 ἱκα-

144 2777 244 2827 ναῖς
282 2771 331 2823 δὲ
375 2771 568 2840 ἡμέραις
607 2776 1036 2840 βραδυπλοοῦντες,
1076 2773 1154 2823 καὶ
1197 2770 1337 2836 μόλις
1379 2768 1621 2837 γενόμενοι

143 2855 264 2909 κατὰ
289 2855 377 2922 τὴν
405 2857 595 2921 Κνίδον,
620 2855 687 2922 μὴ
719 2861 1026 2924 προσεῶντος
1050 2861 1135 2907 τοῦ
1162 2855 1349 2921 ἀνέμου,
1376 2853 1614 2908 ὑπεπλεύ-
1633 2880 1685 2918 30

605 2959 613 2983 ί
643 2960 789 3009 ἔμπλεως
808 2973 886 2998 om.
908 2960 1004 2998 Cod.
1026 2961 1077 2998 N.
1097 2961 1142 2997 C.
