1962 3354
597 232 735 274 COD.
771 231 970 275 COISL.
1002 231 1157 274 XXV.

139 321 208 412 ἓξ
229 322 293 411 1ῗέ
314 354 499 412 μᾶλλον]
530 356 701 401 πάντως.

231 427 279 456 21
316 412 481 470 ἴδωμεν]
515 416 693 467 εἴδωμεν.

316 470 382 527 ἐν]
415 473 460 514 ἐν
479 473 549 527 τῷ.

230 540 286 582 24
315 527 454 585 αὐτῆς]
490 529 607 581 αὐτῆς
626 530 690 586 τῇ.

229 596 282 640 27
313 585 638 643 λαμβανόμενοι]
670 586 850 640 λαβόμε-

344 661 420 686 νοι.

315 700 454 758 αὐτοῦ]
485 702 616 753 αὐτῆς.

229 758 282 801 28
314 759 549 816 ἐνεργῆσαι]
580 760 848 814 εὐεργετῆσαι.

225 828 284 872 30
313 821 432 872 χεῖρα
484 821 634 872 χεῖρας.

226 886 279 930 31
315 875 435 917 αὐτοῦ
490 876 619 927 αὐτῆς.

1535 233 1620 277 429

909 323 975 356 1³23.
995 323 1058 350 mn.

909 358 965 399 66
999 369 1052 413 29
1085 354 1156 413 ὡς]
1190 357 1241 400 ὡς
1260 357 1295 398 ὁ.

996 427 1052 471 32
1083 413 1301 470 παύσεται]
1334 414 1548 466 παύσηται.

909 473 962 527 67
1029 485 1052 515 2
1085 470 1151 527 τὸ]
1184 475 1249 528 τῷ.

1026 531 1053 571 6
1083 533 1166 571 Τοῦ
1189 528 1326 586 ἁγίου]
1349 544 1433 571 om.

1084 586 1174 643 τοῦ]
1207 589 1285 639 τῆς.

999 655 1048 698 27
1084 643 1216 700 ε’στιν]
1252 646 1363 686 ἐστιν
1383 644 1443 686 τὸ.

995 715 1053 758 30
1085 701 1237 758 θήβην]
1272 703 1397 744 θέσιν.

995 773 1050 817 33
1083 760 1205 802 αὐτὸν
1227 760 1298 816 ἂν]
1332 759 1382 802 ἂν
1406 759 1540 803 αὐτὸν.

995 831 1054 874 34
1084 817 1261 876 Μωϋσῇ]
1295 821 1477 860 Μωυσεῖ.

1083 874 1215 931 σκιᾷ,]
1249 877 1356 931 σκιᾷ,
1379 876 1403 928 ἡ
1424 875 1606 928 ἀλήθεια.

140 931 197 974 60
228 941 282 986 27
315 931 485 989 Καλῶς]
503 936 586 975 Τοῦ
608 937 734 987 Χρυσ.
770 937 851 975 Κα-
909 935 963 976 68
1027 945 1050 975 2
1083 933 1126 1007 ὁ]
1149 948 1230 974 om.

341 994 435 1035 λῶς.

139 1047 191 1088 61
253 1059 280 1104 3
311 1046 436 1104 Ἀπὸ]
467 1051 551 1090 Τοῦ
571 1052 698 1102 Χρυσ.
728 1047 845 1090 Ἀπὸ,

230 1117 283 1149 12
314 1105 616 1162 Λουγδούνων.]
663 1107 849 1160 Λουγδῶ-

343 1179 426 1205 νου.

230 1230 279 1274 17
313 1219 407 1277 τὸν]
440 1223 509 1278 τῷ.

224 1289 282 1333 32
311 1276 579 1335 Ἀμμωνίου.]
620 1277 847 1332 Ἀμμωνίου

341 1335 632 1390 πρεσβυτέρου.

137 1391 194 1434 62
254 1406 280 1448 9
309 1391 535 1450 Ἀβραὰμ]
567 1393 767 1448 “Αβραᾶμ.

309 1449 457 1496 Ἰακώβ
475 1450 510 1507 ;]
554 1450 728 1504 Ἰακώβ;
783 1452 847 1494 καὶ

341 1513 424 1552 πῶς
443 1508 571 1563 λέγει·
605 1510 683 1563 ἐγώ
716 1511 794 1561 εἶμι
824 1511 846 1550 6

340 1565 628 1620 θεὸςἋβραᾶμ
641 1567 705 1608 καὶ
721 1568 742 1608 ὁ
757 1566 847 1610 θεὸς

340 1622 480 1666 Ἰσαὰκ
508 1625 572 1666 καὶ
601 1626 623 1665 6
653 1623 744 1668 θεὸς
762 1623 844 1666 Ἰα-

341 1682 439 1734 κῶβ.

226 1750 275 1781 21
313 1739 376 1781 καὶ
408 1738 493 1792 μεθ’
526 1739 572 1781 οὗ
607 1739 697 1783 τοὺς
727 1739 845 1793 οὐρα-

341 1795 452 1853 νοὺς]
470 1796 560 1841 τοὺς
575 1795 766 1851 οὐρανοὺς
782 1798 846 1839 καὶ

340 1853 426 1907 μεθ’
449 1855 508 1896 οὗ.

224 1922 278 1967 23
312 1911 469 1968 αὐτοῦ’]
503 1915 663 1954 σαυτοῦ.

225 1969 278 2012 28
311 1969 436 2026 αὐτῷ]
470 1970 604 2011 αὐτοῦ.

136 2026 190 2081 63
227 2027 280 2067 16
309 2030 394 2068 Τοῦ
413 2026 737 2086 Χρυσοστόμου.]
761 2043 842 2069 orn.

135 2083 195 2136 64
258 2097 276 2125 1
310 2086 469 2129 ταύταις
507 2088 592 2128 ταῖς
633 2087 843 2139 θεοσημεί-

339 2141 421 2199 αις]
459 2143 610 2186 τούτοις
643 2148 726 2187 τοῖς
758 2147 844 2186 θεο-

340 2201 530 2254 σημείοις.

253 2255 278 2298 8
309 2256 541 2313 ἄνθρωπον]
573 2259 637 2300 καὶ
655 2256 830 2311 Ἰησοῦν.

227 2326 277 2369 13
308 2313 571 2370 Ἀμμωνίου.]
615 2315 844 2368 Ἀμμωνίου

339 2371 627 2425 πρεσβυτέρου.

136 2429 190 2483 65
228 2440 276 2484 13
309 2427 428 2485 ὅταν]
462 2431 548 2471 ἐὰν.

135 2487 190 2527 66
227 2498 279 2527 10
309 2485 490 2542 χρόνων]
522 2485 683 2541 χρόνου.

226 2555 276 2599 13
311 2543 445 2600 εἶπον]
479 2546 609 2586 εἶπαν.

309 2600 600 2658 πεπλήρωται’]
619 2602 843 2656 πεπλήρον-

338 2676 414 2700 ται.

226 2725 276 2769 17
310 2718 576 2769 ἐλευσόμενος

223 2785 274 2816 21
310 2775 574 2827 σημαίνοντος

339 2849 488 2876 νοντος.

222 2900 279 2941 24
309 2889 400 2933 τοὺς
419 2887 539 2945 πρὸς]
571 2893 640 2931 τοῦ
662 2889 834 2944 Πατρός.

310 2945 389 3002 ἔτι]
423 2947 524 2988 ἔστι.

223 3005 276 3045 26
308 3002 354 3048 ἃς
375 3003 499 3061 αὐτῷ]
532 3004 559 3046 ἃ
578 3005 724 3062 σαυτῷ.

631 2716 792 2759 εὐλευσ.

666 2777 840 2827 συμβαί-

1023 1004 1048 1047 3
1083 991 1149 1046 το]
1173 994 1240 1048 τῷ.

1022 1062 1049 1105 5
1083 1048 1327 1105 ἀνθρώποις]
1361 1052 1453 1091 θεοῦ
1470 1050 1620 1103 ἀνθρώ-

1111 1124 1215 1156 ποις,

1025 1174 1048 1219 7
1084 1163 1273 1220 ἐκεῖνος,]
1308 1166 1472 1213 ἐκεῖνος,
1497 1165 1562 1208 ὡς.

1079 1222 1216 1276 βρέφη
1258 1224 1408 1266 ἐκεῖνος
1447 1223 1615 1277 ἀναιρεῖ,

1108 1279 1244 1334 βρέφη
1274 1280 1438 1334 φονεύει
1465 1279 1615 1336 οὗτος·]

1108 1337 1231 1391 βρέφ.
1265 1343 1360 1391 φον.
1398 1339 1453 1379 ε’κ.
1491 1338 1615 1392 βρέφ.

1110 1396 1193 1437 οὗτ.
1217 1396 1309 1437 ἀνα.

998 1464 1050 1493 10
1081 1452 1231 1508 οὗτος“]
1277 1453 1402 1497 οὗτος·
1449 1454 1513 1495 διὰ
1545 1471 1617 1506 μη-

1110 1510 1199 1563 τρὸς
1239 1511 1405 1559 σώζεται
1452 1512 1614 1560 ε’κεῖνος,

1109 1570 1174 1609 διὰ
1202 1567 1346 1621 μητρὸς
1377 1569 1521 1620 ἐσώθη,
1552 1569 1616 1610 καὶ

997 1695 1042 1723 11
1079 1642 1279 1738 λ’ἱῖἶῗικῗῗ
1282 1642 1517 1736 ‘522331355

997 1752 1046 1795 15
1082 1739 1180 1796 Καὶ]
1203 1755 1289 1781 om.

995 1809 1047 1852 25
1081 1796 1224 1853 αὐτὸν]
1259 1797 1399 1839 αὐτῶν.

994 1856 1048 1897 26
1081 1855 1297 1908 νομοθέτου
1317 1854 1460 1911 μόνος]
1494 1873 1610 1911 νομο-

1109 1914 1358 1966 θετούμενος.

993 1969 1045 2012 28
1078 1969 1309 2026 προφήτην]
1342 1971 1550 2025 προφήτην
1569 1973 1613 2013 ὖ-

1137 2045 1187 2070 ιν.

903 2087 958 2140 69
1020 2087 1046 2127 6
1076 2046 1306 2156 ·yfiaepue'vnv·
1347 2085 1447 2143 τῶν]
1495 2105 1612 2142 γενο-

1105 2158 1242 2197 μενην·
1275 2143 1358 2186 τὸν.

994 2215 1044 2255 19
1076 2200 1338 2257 τεταγμένος]
1378 2202 1612 2257 τεταγμένη.

992 2271 1045 2300 22
1079 2258 1291 2315 Διδύμου.]
1314 2274 1398 2300 om.

903 2328 957 2370 72
994 2327 1042 2370 17
1075 2320 1158 2358 Τοῦ
1180 2317 1311 2358 αὐτοῦ.
1367 2321 1450 2358 Τοῦ
1471 2322 1548 2371 Χρ.

989 2386 1042 2430 33
1077 2377 1161 2414 Τοῦ
1184 2316 1342 2428 αὐτοῦ]
1375 2378 1458 2415 Τοῦ
1479 2379 1552 2428 Χρ.

904 2440 955 2487 73
994 2444 1039 2471 11
1076 2434 1159 2472 Τοῦ
1181 2429 1338 2486 αὐτοῦ]
1370 2435 1453 2473 Τοῦ
1471 2436 1546 2484 Χρ.

991 2498 1042 2544 25
1079 2486 1318 2544 Κυρίλλου.]
1370 2493 1456 2531 Τοῦ
1495 2491 1612 2544 ἁγίου

1108 2547 1324 2599 Κυρίλλου.

902 2612 959 2657 74
1023 2616 1039 2643 1
1075 2607 1158 2644 Τοῦ
1181 2601 1317 2658 ἁγίου]
1340 2618 1424 2645 om.

1075 2659 1377 2716 Λουγδούνων.]
1424 2664 1610 2717 Λουγδώ-

1105 2735 1187 2760 νου.

1017 2777 1042 2817 6
1074 2779 1157 2817 Τοῦ
1178 2777 1486 2834 Χρυσοστόμου]
1509 2793 1591 2820 om.

992 2833 1042 2874 18
1075 2832 1287 2890 μετουσίᾳ]
1319 2836 1510 2892 μετουσίᾳ
1530 2839 1607 2889 τῆς.

993 2904 1042 2946 ¹9
1074 2890 1138 2947 δὲ]
1160 2905 1241 2932 om.

903 2958 955 3004 75
1021 2961 1039 2989 1
1075 2947 1260 3005 ὀνόματι]
1293 2950 1458 3002 ὀνόματι
1480 2954 1561 2992 τοῦ.

1021 3019 1043 3049 2
1073 3004 1235 3063 Ἀγίας]
1258 3021 1342 3048 om.
