1962 3354
377 219 462 259 440

390 308 446 340 pag
412 315 455 340 ag.
482 308 534 333 Lin

380 342 464 394 246
526 327 550 384 2
581 339 833 396 ὡμολόγουν]
863 342 924 392 ὁμ.

497 411 549 439 10
578 396 837 452 Ἀμμωνίου.]
857 396 1079 450 Ἀμμωνίου

608 454 896 508 πρεσβυτέρου.

495 524 550 555 20
580 510 720 567 οὕτως]
754 512 875 555 οὗτος

492 582 549 625 30
577 568 826 623 βλαβέντας]
839 567 1077 620 βλέποντας

380 636 459 680 247
497 639 547 681 15
577 624 866 680 Ἀμμωνίου.’]
871 627 1080 678 Αμμωνίου

607 681 894 736 πρεσβυτέρου.

499 750 546 794 17
579 743 701 781 ταῦτα
752 739 897 796 ἑαυτῷ]
956 741 1079 795 ἑαυτῷ

608 801 742 838 ταῦτα.

496 866 546 897 21
581 855 619 894 οἱ
640 852 773 910 νόμοι]
806 855 827 894 ὁ
850 852 981 906 νόμος.

380 912 462 964 248
498 923 549 954 12
579 909 966 964 ΤοῦΧρυσοστόμου.
972 910 1080 967 ]Τοῦ

611 968 741 1009 αὐτοῦ.

495 1038 549 1068 20
580 1023 700 1080 Εἶτα]
735 1027 818 1065 Τοῦ
848 1023 1078 1078 Χρυσοστό-

607 1099 696 1133 μου.
728 1081 841 1123 Εἶτα.

382 1151 463 1194 249
496 1150 546 1180 21
582 1137 819 1193 Κυρίλλου.]
854 1141 936 1180 Τοῦ
966 1139 1081 1192 ἁγίου

612 1197 830 1249 Κυρίλλου.

494 1265 547 1295 22
580 1252 796 1308 κατῆλθον]
830 1255 1038 1304 κατῆλθεν.

495 1322 550 1362 24
579 1309 669 1364 τὰς]
702 1326 746 1350 τε
765 1311 847 1352 τὰς.

380 1375 465 1422 250
500 1380 548 1422 13
580 1365 652 1437 ΤΒ]
674 1370 756 1407 Τοῦ
777 1364 1077 1419 Χρυσοστόμου.

498 1481 548 1522 16
578 1478 984 1535 ΤοῦΧρυσοστόμου.]
998 1483 1079 1521 Τοῦ

609 1554 741 1578 αυτου.

382 1606 458 1649 251
525 1607 549 1648 9
581 1592 791 1648 γενέσθαι]
824 1596 1054 1644 δηλοῦσθαι.

492 1664 544 1692 10
573 1650 672 1706 γὰρ]
704 1652 780 1704 γὰρ
801 1653 881 1701 τῆς.

580 1708 914 1762 ἀναγινώσκηται]
945 1708 1080 1761 ἀναγι-

610 1766 814 1806 νώσκεται.

497 1834 548 1865 12
580 1821 842 1864 θεόπνευστος
861 1820 944 1876 καὶ]
966 1835 1049 1862 om.

493 1891 548 1934 32
579 1882 661 1920 Τοῦ
689 1879 836 1949 αὐτοῦ]
871 1881 953 1920 Τοῦ
972 1882 1078 1931 Χρυ·

609 1934 823 1988 σοστόμου.

382 2003 464 2049 252
500 2006 550 2034 10
579 1991 864 2064 Ἀ.μμωνίου]’
869 1993 1078 2044 Αμμωνίου

609 2048 896 2102 πρεσβυτέρου.

498 2118 548 2148 12
578 2105 823 2160 περιτομῆς]
855 2107 987 2157 τομῆς.

495 2174 547 2218 29
577 2165 659 2203 Τοῦ
667 2160 963 2214 Χρυσοστόμου.
969 2161 1079 2216 ]Τοῦ

609 2218 740 2259 αὐτοῦ.

381 2288 461 2332 253
527 2289 545 2316 I
579 2278 662 2315 Τοῦ
683 2274 839 2330 αὐτοῦ.]
870 2278 952 2315 Τοῦ
978 2272 1062 2324 X.

523 2333 547 2373 8
581 2330 803 2386 Κυρίλλου]
846 2335 928 2373 Τοῦ
964 2333 1078 2385 ἁγίου

610 2390 821 2441 Κυρίλλου.

498 2459 547 2501 13
582 2443 814 2499 ἐπιτιθέναι]
847 2447 1056 2487 -τίθεσθαι,

496 2515 547 2557 23
578 2500 860 2557 Ἀπόστολοι·]
881 2501 1076 2543 Ἀπόστο-

608 2564 687 2600 λοι·
739 2558 850 2610 ἔδοξε
889 2562 940 2614 τῷ
980 2561 1077 2613 ἁγίῳ

608 2616 810 2667 πνεύματι·
834 2616 928 2656 ἆλλ
943 2616 1016 2668 ὅρα
1033 2615 1077 2656 τὸ

608 2670 869 2726 ἐπαγόμενον,
893 2672 956 2713 καὶ
986 2673 1079 2724 ἡμῖν

605 2728 682 2782 γάρ
713 2734 851 2782 φησιν·
894 2729 970 2782 ἄρα
1009 2729 1079 2770 οῦν

608 2786 691 2826 θεοὶ
712 2787 749 2827 οἱ
769 2784 1001 2827 ἀπόστολοι.

579 2840 667 2896 τῆς]
699 2844 766 2893 τῆς
787 2843 916 2895 ἁγίας.

494 2910 548 2951 33
581 2897 671 2953 τοῦ]
703 2901 770 2940 τοῦ
791 2900 919 2952 ἁγίου.

495 2966 552 3008 34
582 2953 827 3010 αὐθεντίαν,]
863 2956 1004 2997 -τείαν,

757 218 1080 260 VARIETAS
1113 219 1456 262 LECTIONIS

1148 307 1214 340 rag.
1243 308 1306 334 Lm.

1138 353 1161 384 2
1163 354 1223 397 54
1279 354 1304 397 3
1338 340 1557 398 ὁμότιμος,]
1653 342 1856 397 ὁμότιμος

1366 402 1470 448 θεοῦ,
1494 398 1584 441 ἀλλ’
1616 400 1668 444 ὣς
1695 399 1837 455 ὑπηρέ-

1365 473 1432 509 της
1453 459 1544 498 θεοῦ
1566 457 1629 499 καὶ
1649 458 1837 510 Σαμουὴλ

1366 516 1419 569 τῷ
1440 516 1516 569 θεῷ
1538 514 1613 568 οὐχ
1633 514 1686 558 ὥς
1705 513 1835 568 ὁμότι-

1361 588 1448 622 μος.

1280 627 1306 667 6
1337 626 1580 683 αὐθεντίαν,]
1611 628 1752 669 -τείαν,

1249 695 1305 739 32
1334 683 1592 740 Ἀμμωνίου]
1612 683 1836 736 Ἀμμωνίου

1364 740 1652 795 πρεσβυτέρου.

1138 808 1218 854 255
1256 811 1304 854 13
1336 799 1426 852 περὶ
1446 797 1647 854 Μάρκου]
1669 797 1834 852 διαβάρ-

1367 872 1450 897 κον.

1253 924 1306 955 22
1336 911 1486 967 Τοῦτο]
1501 915 1585 954 Τοῦ
1597 916 1675 966 Χρ.
1691 915 1834 955 Τοῦτο.

1254 971 1306 1010 26
1337 968 1603 1024 Ἀντιοχείας]
1654 968 1833 1024 Ἀντιοχ.

1367 1028 1409 1068 ἐκ
1428 1029 1509 1078 τῆς.

1336 1082 1622 1138 Ἀναστάσιον]
1637 1081 1835 1125 Ἀναστα-

1365 1142 1472 1182 σίαν.

1136 1197 1218 1252 256
1276 1209 1301 1252 3
1332 1196 1592 1270 Ἀμμωνίου.]
1610 1195 1835 1250 Ἀμμωνίου

1362 1252 1648 1307 πρεσβυτέρου.

1136 1310 1216 1365 258
1282 1324 1299 1350 1
1333 1309 1720 1363 ΤοῦΧρυσοστόμου.
1725 1309 1833 1366 ]Τοῦ

1363 1367 1496 1408 αὐτοῦ.

1247 1436 1302 1479 33
1335 1423 1398 1479 δὲ]
1419 1439 1502 1465 om.

1138 1490 1219 1536 259
1279 1482 1305 1521 6
1336 1481 1442 1533 οἶμαι
1463 1482 1506 1522 δὲ
1529 1484 1643 1522 τοῦτο
1663 1479 1834 1534 γράφειν

1364 1538 1498 1586 αὐτὸν,
1528 1536 1599 1593 δι’]
1629 1537 1711 1579 οἶδε
1735 1536 1831 1591 γρά-

1364 1600 1457 1647 φειν
1476 1598 1591 1636 τοῦτο
1612 1594 1706 1635 αὐτὸ
1728 1592 1793 1635 δι’.

1280 1651 1304 1692 8
1334 1649 1593 1722 Ἀμμωνίου]
1609 1650 1835 1703 Ἀμμωνίου

1365 1707 1648 1762 πρεσβυτέρου.

1255 1778 1307 1817 14
1336 1766 1531 1822 ὑποταγῇ]
1565 1766 1760 1822 ἆποταγῇ.

1255 1823 1304 1863 18
1337 1822 1427 1877 οῦν]
1460 1823 1519 1864 οὗ.

1253 1893 1302 1934 19
1335 1877 1577 1936 ἐκπλήξεως]
1612 1877 1793 1930 ἐπιπλήξ.

1137 1939 1219 1979 260
1279 1949 1303 1979 2
1335 1935 1458 2009 ὁρῶν]
1479 1950 1564 1977 om.

1137 1996 1217 2038 262
1253 1995 1303 2034 16
1333 1993 1458 2048 ἢν]
1434 2011 1493 2045 ης.

1252 2060 1300 2103 17
1332 2050 1623 2123 μεμψιμοίρων]
1682 2053 1831 2103 μεμψι·

1361 2123 1505 2159 μυρων.

1251 2174 1305 2215 24
1336 2161 1491 2218 ἕνεκεν]
1527 2162 1662 2205 ἕνεκεν
1681 2164 1718 2204 ὁ.

1251 2229 1301 2273 27
1337 2218 1418 2275 καὶ]
1440 2234 1523 2260 om.

1136 2278 1215 2332 263
1276 2286 1302 2331 5
1335 2275 1595 2388 ὡς--νόμῳ-]1
1609 2290 1691 2317 om.

1251 2346 1302 2388 25
1333 2335 1573 2375 Ἀθανασίου
1634 2332 1831 2374 Ἀθανασ.

1365 2391 1407 2431 ἐκ
1427 2393 1508 2442 τῆς.

1336 2445 1628 2502 Ναυατιανοὺς]
1659 2449 1832 2488 Ναυατι-

1365 2520 1474 2545 ανου.

1251 2561 1304 2603 26
1335 2559 1608 2612 ὀνομάσαντας
1643 2559 1835 2612 καθαροὺς

1363 2619 1528 2669 βιβλίου
1543 2615 1667 2669 λόγου
1682 2614 1760 2671 β’]
1792 2617 1833 2657 ὀ-

1364 2673 1612 2725 νομάσαντος
1631 2672 1756 2726 λόγου
1774 2670 1830 2724 β’.

1334 2730 1527 2800 κωλύετε]
1561 2731 1764 2771 κωλύεται.

1138 2787 1221 2839 264
1277 2799 1306 2839 4
1334 2785 1593 2858 Ἀμμωνίου.]
1609 2785 1832 2839 Ἀμμωνίου

1365 2841 1648 2897 πρεσβυτέρου.

1338 2898 1548 2955 Δόγματα]
1584 2898 1740 2954 Δόγμα.

1335 2957 1380 2999 οὐ
1399 2955 1464 3012 τὸ]
1496 2958 1629 2998 οὕτω.,
