1962 3354
344 249 391 295 iv
762 254 1066 298 MONITUM
1103 255 1385 298 LECTORI.

345 383 456 428 224.
485 387 533 427 et
557 382 674 428 Cod.
700 382 892 429 Barocc.
918 387 962 429 3.
1000 382 1120 430 “'Etc
1155 389 1226 430 τῶν
1259 381 1502 447 Οἷκουμενίω
1535 387 1591 447 τῷ
1624 380 1810 445 μακαρίῳ

344 469 372 489 “
395 462 628 528 Ἐπισκόπω
651 463 825 527 Τρίκκης
853 465 1097 519 Θεσσαλίας
1130 471 1318 526 θεοφιλῶς
1351 465 1617 528 πεπονημένων
1650 464 1705 517 εἷς
1739 464 1812 522 τὴν

343 552 371 572 “
394 543 659 602 Ἀπεκάλυψιν
682 545 852 594 Ἰωάννου
875 553 943 594 τοῦ
967 547 1209 610 Θεολόγου.”

409 628 621 675 Omnino
651 635 810 675 autem
840 632 966 676 lectu
993 631 1139 693 digna
1173 637 1285 676 sunt
1308 647 1416 691 quae
1446 632 1503 676 de
1527 629 1810 676 OEcumenio

340 711 486 757 habet
521 711 757 757 Ricardus
799 712 1041 758 Simonius
1084 713 1213 759 Hist.
1253 713 1373 759 Crit.
1410 713 1472 758 N.
1498 713 1556 758 Τ.
1593 712 1676 758 lib.
1714 711 1809 757 III.

342 810 380 840 c.
412 798 490 840 32.
531 796 798 854 praesertim
838 795 922 841 ubi
964 797 1167 842 affirmat
1207 802 1393 842 exstare
1430 796 1481 841 in
1518 795 1643 841 Bibl.
1683 795 1805 858 Reg.

343 876 496 923 Paris.
522 878 774 938 antiquum
799 879 1005 925 codicem
1037 879 1414 938 manuscriptum
1440 884 1653 924 catenam
1678 877 1812 923 exhi-

340 959 546 1014 bentem,
566 961 702 1021 cujus
725 961 911 1015 titulus,
929 965 998 1007 τοῦ
1026 959 1319 1023 Χρυσοστόμου
1343 957 1410 1005 καὶ
1445 959 1579 1021 ἑτέρων
1602 956 1810 1022 διαφόρων,

341 1057 366 1087 e
390 1058 486 1102 qua
508 1044 660 1088 multa
683 1044 893 1088 revocari
916 1050 1108 1102 possent
1128 1049 1374 1089 auctorum
1396 1043 1604 1096 nomina,
1625 1057 1733 1102 quae
1757 1042 1810 1087 in

342 1125 696 1170 OEcumenianis
731 1141 826 1170 non
866 1132 1111 1185 apparent.
1183 1126 1367 1172 Collato
1409 1131 1567 1170 autem
1609 1125 1809 1185 huJusce

344 1207 689 1253 Commentarii
714 1207 855 1253 titulo
887 1223 992 1253 cum
1018 1213 1195 1261 nostro,
1219 1207 1381 1252 statim
1406 1206 1670 1266 suspicatus
1702 1221 1809 1251 sum

342 1290 555 1350 ejusdem
574 1289 728 1349 operis
753 1305 852 1335 esse
876 1291 1131 1349 exemplar,
1150 1296 1196 1335 et
1213 1289 1281 1334 ita
1299 1304 1399 1334 rem
1419 1304 1467 1334 se
1489 1288 1679 1342 habere,
1696 1302 1808 1333 mox

341 1373 514 1418 certior
547 1373 701 1418 factus
735 1388 839 1418 sum
876 1373 1199 1432 exploratione
1239 1388 1266 1418 a
1301 1371 1572 1418 doctissimo
1606 1371 1722 1426 viro,
1753 1371 1806 1417 C.

342 1454 602 1500 Benedicto
619 1455 764 1510 Hase,
779 1462 950 1517 rogatu
968 1471 1073 1501 meo
1087 1455 1325 1501 instituta.
1362 1455 1528 1517 Longe
1547 1460 1705 1500 autem
1725 1470 1810 1500 an-

337 1538 666 1598 tiquissimum
694 1543 740 1583 et
767 1538 1217 1597 praestantissimum
1242 1539 1483 1597 exemplar
1507 1537 1809 1596 Manuscrip-

333 1625 446 1665 'tum
466 1619 659 1665 Catenae
678 1626 854 1665 nostrae
880 1620 1083 1665 sciebam
1102 1625 1288 1665 exstare
1312 1619 1439 1664 inter
1456 1619 1604 1664 Codd.
1625 1618 1809 1664 Biblio-

341 1702 493 1748 thecae
517 1702 628 1747 olim
655 1701 850 1748 Coislin.
870 1718 997 1748 nunc
1019 1718 1129 1748 vero
1158 1702 1463 1762 amplissimae
1488 1701 1656 1764 Regiae
1678 1701 1806 1747 Bibl.

348 1783 604 1829 parisiensi
638 1785 1002 1840 adnumeratos3
1039 1791 1095 1830 ut.
1122 1801 1181 1830 ex
1216 1790 1449 1838 accurata,
1474 1800 1616 1845 quam
1643 1784 1807 1830 Mont-

341 1866 529 1911 faucon.
556 1867 749 1911 dederat
783 1867 956 1912 notitia
987 1867 1137 1912 Catal.
1169 1867 1296 1912 Bibl.
1323 1867 1463 1912 Coisl.
1493 1866 1544 1911 in
1577 1872 1805 1926 promptu

342 1953 444 1994 erat
475 1948 716 2008 dispicere.
775 1949 926 2010 Cujus
950 1949 1202 1994 venerandi
1229 1949 1416 1994 Codicis
1440 1954 1495 1994 ut
1518 1954 1635 1994 aetas
1664 1953 1710 1992 et
1733 1947 1808 1992 in-

342 2031 470 2076 doles
505 2030 674 2076 melius
707 2037 981 2090 appareant,
1005 2032 1128 2077 hanc
1151 2031 1370 2077 notitiam
1395 2032 1497 2095 ejus
1521 2029 1692 2084 verbis,
1714 2030 1808 2078 leo-

342 2114 459 2159 toris
483 2112 630 2160 oculis
655 2112 918 2174 subjiciam.

610 2261 953 2324 Monffaucon.
984 2260 1122 2308 Bibl.
1153 2259 1349 2308 Coislin.
1375 2277 1432 2324 p.
1457 2264 1536 2312 75.

408 2363 614 2409 “Codex
646 2363 811 2409 XXV.
848 2363 964 2409 alias
1000 2363 1185 2408 CXXI.
1210 2362 1610 2415 membranaceuS,
1634 2361 1804 2407 decimi

342 2451 370 2471 ‘⁶
393 2446 570 2500 saeculi,
595 2446 923 2506 complectitur
951 2446 1076 2492 Acta
1110 2445 1451 2504 Apostolorum
1484 2450 1531 2489 et
1559 2443 1803 2503 Epistolas

341 2534 368 2553 “
395 2529 662 2574 Catholicas
695 2544 802 2573 cum
827 2528 1190 2573 Commentariis
1224 2543 1282 2572 ex
1307 2526 1646 2586 Chrysostomo
1676 2526 1803 2572 aliis-

341 2617 369 2636 “
393 2627 485 2671 que
521 2612 748 2658 Patribus
783 2617 829 2656 et
860 2610 1152 2657 Auctoribus
1184 2610 1388 2656 collectis
1422 2615 1469 2655 et
1503 2610 1554 2655 in
1589 2609 1802 2655 ordinem

342 2700 369 2721 ‘⁶
395 2695 591 2756 digestis
623 2696 683 2741 ab
708 2695 903 2740 Andrea
930 2695 1227 2755 Presbytero,
1255 2700 1308 2739 ut
1331 2695 1466 2739 docet
1489 2698 1601 2738 nota
1625 2693 1684 2738 ad
1708 2694 1800 2738 cal-

342 2780 369 2800 “
395 2790 495 2820 cem
529 2776 674 2837 hujus
700 2777 886 2822 Codicis
910 2776 1230 2822 exscribenda.

407 2863 435 2884 ‘⁶
455 2857 778 2904 Praemittitur
814 2858 1047 2918 expositio
1088 2857 1313 2917 Capitum
1350 2857 1563 2903 Actuum
1609 2862 1799 2901 auctore

341 2946 369 2968 ‘⁶
396 2939 663 3000 Pamphilo,
688 2937 840 2990 ἕκθεσις
873 2937 1100 2998 κεφαλαίων
1135 2944 1207 2983 τῶν
1237 2938 1424 3000 Πράξεων
1452 2941 1519 2982 τοῦ
1547 2934 1798 2997 Παμφίλου,
