1962 3354
378 233 463 277 436

379 324 445 356 Pag.
481 324 544 351 Lin.

759 237 1082 280 VARIETAS
1115 239 1458 282 LECTIONIS

1253 329 1315 356 Lin.

380 367 459 413 175
495 359 548 401 26
578 359 687 407 ὄντα,
731 358 891 415 σκεῦος]
943 363 1080 405 σκεῦος
1144 328 1224 404 180
1283 373 1306 416 7
1342 362 1589 419 Εἶρηναίου]
1618 366 1701 406 Τοῦ
1725 365 1842 419 ἁγίου

611 417 719 458 ὄντα.

582 471 640 527 τι]
674 474 773 515 ἐστι.

496 529 549 573 28
581 528 700 585 γένη]
733 533 826 582 εἴδη.

496 599 548 641 29
580 586 727 642 ἀκμὴν]
763 587 903 641 amv-

527 656 545 685 Ι
580 643 656 685 σὺν
674 643 812 700 παντὶ]
844 646 1055 696 συμπαντὶ.

522 713 547 744 2
579 701 706 743 καὶτὰ
723 700 903 757 πετεινὰ]
929 703 992 744 καὶ
1011 720 1079 745 πε-

611 760 720 810 τηνᾶ.

522 827 547 870 3
580 814 677 868 ὑπὸ)
710 815 803 857 ἀπὸ.

494 882 544 927 15
576 870 1076 928 ἐξεστακέναι]ἐξεστάναι.

495 941 546 984 23
580 930 629 970 τὰ
669 929 951 985 θεωρούμενα·]
1015 932 1078 973 καὶ

607 987 871 1039 θεωρούντων.

492 1053 547 1095 24
575 1042 1075 1098 προέφερον·]προε’φερον·

608 1101 792 1152 Μαξίμου
814 1101 1013 1154 ἐρώτησις.

493 1165 545 1211 25
578 1155 708 1212 ἔθνη]
759 1161 840 1201 πῶς
889 1159 1013 1200 ἐδεῖτο
1054 1160 1075 1200 ὁ

605 1213 759 1267 Πέτρος
797 1217 865 1266 τῆς
905 1215 968 1257 ἐπὶ
1007 1220 1076 1257 τοῦ

604 1272 825 1323 Κορνηλίου
879 1273 1076 1315 ἀποκαλύ-

602 1331 715 1380 ψεως
734 1329 798 1369 διὰ
817 1330 866 1369 τᾶ
886 1329 993 1381 ἔθνη.

491 1393 541 1436 27
577 1383 771 1439 Πέτρον·]
815 1384 983 1438 Πέτρον.
1028 1388 1072 1428 ἆ-

604 1441 796 1493 πόκρισις.

576 1496 722 1552 ἐδεῖτο]
755 1498 834 1539 ἔδει
854 1498 910 1539 τὸ.

488 1564 544 1607 32
574 1553 746 1609 βουλῆς]
776 1558 916 1607 βολῆς.

488 1622 543 1664 35
576 1610 644 1666 τὰ]
678 1613 742 1653 διὰ
761 1614 822 1653 τὰ.

518 1668 542 1707 8
575 1668 853 1724 καταγνῶμην]
886 1672 984 1712 κατὰ
1003 1670 1074 1723 τὴν

602 1726 774 1778 γνώμην.

491 1793 544 1832 14
572 1781 718 1837 λόγου]
751 1784 888 1836 λόγον.

489 1850 542 1892 29
574 1838 809 1895 Εὗαγρίου.]
875 1840 1073 1895 Εὗαγρίου

601 1899 794 1951 μοναχοῦ.

517 1951 542 1992 8
567 1950 706 2008 Ἴσως]
742 1956 825 1994 Τοῦ
844 1956 1072 2008 Χρυσοστό-

599 2027 686 2061 μου.
713 2009 844 2054 Ἴσως.

382 644 463 698 176

375 1951 454 2005 178

489 2075 537 2117 17
573 2065 618 2121 α]
650 2067 816 2119 πρώτου.

487 2132 540 2163 20
571 2123 912 2179 διεξεληλυθέναι]
925 2125 1068 2176 -θήναι.

486 2189 540 2221 22
571 2178 699 2234 ὄρνις]
731 2181 870 2232 ὄρνεις.

486 2246 537 2288 27
572 2234 735 2291 εὐθέως]
769 2236 854 2280 ἕως.

485 2291 538 2335 28
570 2291 651 2347 ὅτι]
674 2307 757 2334 om.

483 2361 537 2404 33
570 2348 804 2404 παραδοὺς,]
821 2350 1068 2403 παραδιδοὺς.

513 2407 540 2447 6
568 2404 804 2458 Ἀμμωνίου.
810 2406 828 2462 ]
845 2406 1071 2460 Ἀμμωνίου

595 2463 880 2516 πρεσβυτέρου.

514 2529 536 2573 7
569 2519 820 2575 ὄθονοειδεῖ,]
850 2522 1065 2573 ὁθονοειδῆ.

567 2577 732 2630 ηφωνὴ
759 2576 882 2633 αὐτῷ]
915 2579 1017 2635 αὐτῷ
1044 2579 1068 2631 ἡ

567 2595 726 2687 ηφωνὴ-

569 2689 789 2746 ἐσήμανεν]
825 2690 1050 2744 ἐσήμαινεν.

484 2760 531 2788 11
567 2748 632 2788 ἐπὶ
651 2746 771 2802 τρίς.]
804 2749 982 2802 ἐπιτρεΐς.

483 2817 532 2858 13
567 2803 768 2859 δευτέρου]
799 2803 857 2856 β’.

483 2873 537 2912 14
567 2860 722 2916 ἔθεσιν]
756 2861 928 2903 ἔθνεσιν.

482 2926 533 2970 15
566 2917 878 2973 ἐμφιλοχωρεῖν]
914 2919 1003 2971 ε’νφ.

481 2975 532 3013 16
564 2973 740 3029 καθίησι]
775 2976 963 3027 καθείησι.

374 2414 452 2460 179

1370 421 1596 473 Εἰρηναίου.

1341 477 1523 531 ἰδόντος,]
1565 478 1722 522 εἰδότος.

1283 546 1308 588 9
1339 535 1611 578 διαστείλαςε
1591 552 1613 576 ο
1640 534 1783 607 Θεὸς,]
1815 537 1839 578 ὁ

1370 590 1477 635 Θεὸς
1497 592 1738 636 διαστείλας.

1257 659 1305 691 21
1342 646 1415 703 εἰς]
1450 650 1504 691 εἰς
1522 647 1607 700 τὴν.

1143 704 1218 745 181
1282 717 1307 759 9
1340 703 1424 760 καὶ]
1456 706 1518 746 καὶ
1538 705 1598 746 τὸ.

1255 761 1307 805 28
1338 765 1420 803 Τοῦ
1441 761 1595 817 αὐτοῦ]
1626 766 1709 804 Τοῦ
1728 766 1834 817 Χρυ-

1366 820 1577 871 σοστόμου.

1142 888 1159 915 1
1168 875 1221 918 82
1256 888 1273 915 1
1282 888 1306 930 9
1337 879 1419 916 Τοῦ
1425 876 1743 932 Χρυσοστόμου.]
1754 879 1839 918 Τοῦ

1368 949 1498 973 αυτου.

1251 1002 1307 1044 30
1335 992 1418 1030 Τοῦ
1439 988 1595 1045 αὐτοῦ]
1625 993 1708 1031 Τοῦ
1735 989 1814 1038 >K-

1141 1046 1218 1102 183
1280 1046 1307 1087 6
1335 1045 1485 1101 Τοῦτο]
1516 1047 1666 1101 Τούτῳ.

1253 1113 1304 1157 27
1337 1104 1581 1159 Εἷρηναίου.]
1615 1106 1698 1145 Τοῦ
1720 1104 1836 1157 ἁγίου

1362 1161 1572 1213 Εἰρηναίου
1593 1161 1822 1203 ἐπισκόπου.

1252 1229 1304 1270 29
1335 1216 1424 1272 τοῦ]
1441 1220 1512 1258 τοῦ
1521 1218 1740 1269 πνεύματος
1749 1220 1834 1259 τοῦ.

1247 1286 1305 1328 30
1335 1274 1675 1329 ἐπαναπαύοντος]
1690 1275 1835 1316 ἐπανα-

1361 1329 1543 1374 παέντος.

1141 1387 1219 1439 184
1275 1400 1301 1442 3
1335 1386 1670 1442 ἐπαναπέπαυτο,]
1708 1388 1830 1430 ἆναπ.

1277 1455 1299 1497 7
1331 1442 1592 1499 Ἀμμωνίου.]
1608 1443 1834 1498 Ἀμμωνίου

1361 1499 1648 1553 πρεσβυτέρου.

1254 1568 1304 1599 12
1327 1554 1438 1612 Ἵνα]
1484 1560 1567 1599 Τοῦ
1598 1559 1829 1611 Χρυσοστό-

1362 1631 1450 1665 μου.
1479 1612 1583 1656 Ἵνα.

1250 1682 1302 1712 22
1332 1670 1438 1724 Τὴν]
1462 1674 1545 1712 Τοῦ
1568 1671 1700 1712 αὐτοῦ.
1731 1672 1830 1724 Τὴν.

1246 1739 1298 1782 31
1332 1731 1414 1768 Τοῦ
1429 1729 1752 1784 Χρυσοστόμου.]
1771 1735 1829 1771 ιῶ.

1137 1784 1214 1838 185
1278 1792 1299 1832 7
1329 1785 1831 1840 ΤοῦΧρυσοστόμου.]Τοῦ

1362 1859 1492 1883 αυτου.

1250 1911 1298 1953 13
1330 1901 1413 1939 Τοῦ
1434 1897 1587 1954 αὐτοῦ]
1620 1902 1703 1940 Τοῦ
1723 1902 1827 1952 Χρυ-

1360 1956 1574 2008 σοστόμου.

1246 2023 1298 2054 22
1330 2013 1559 2066 Εἰρηναίου]
1601 2015 1685 2054 Τοῦ
1712 2013 1829 2066 ἁγίου

1356 2070 1582 2121 Εἷρηναίου.

1327 2124 1623 2180 Λουγδούνων.]
1633 2126 1824 2179 Λουγδόν.

1327 2180 1532 2237 σημαίνει]
1565 2183 1782 2234 σημαίνων.

1243 2250 1298 2291 24
1327 2236 1570 2294 κατηχεΐτο,]
1601 2241 1811 2294 κατηχῆτο.

1327 2293 1400 2350 ὧν]
1435 2294 1497 2336 ὂν.

1132 2351 1210 2393 186
1268 2365 1292 2407 3
1325 2355 1408 2393 Τοῦ
1429 2352 1583 2407 αὐτοῦ]
1607 2366 1691 2393 0111.

1271 2410 1294 2450 8
1326 2412 1409 2450 Τοῦ
1430 2410 1581 2464 affarea]
1606 2423 1689 2450 om.

1243 2468 1295 2508 16
1324 2464 1580 2521 Ἀμμωνίου.]
1603 2480 1688 2508 0111.

1324 2522 1530 2577 δέξασθαι]
1564 2522 1686 2574 δέξαι.

1130 2578 1204 2634 [87
1271 2592 1289 2620 1
1325 2578 1407 2634 καὶ]
1430 2594 1513 2620 om.

1264 2646 1290 2690 5
1325 2636 1588 2691 ἐπαγγελίαν]
1614 2637 1732 2690 ἐπαγ.
1747 2635 1819 2678 sic.

1267 2704 1290 2747 7
1322 2693 1610 2765 πραττόμενον]
1651 2710 1820 2746 προτατ-

1351 2750 1531 2801 τόμενον.

1240 2818 1290 2847 12
1324 2807 1566 2862 Ναζωραῖος]
1597 2807 1816 2860 Ναζωραῖε.

1239 2872 1288 2919 15
1321 2863 1429 2914 αὐτῇ,
1486 2863 1619 2914 αὐτὴν.

1236 2932 1288 2963 22
1313 2918 1418 2992 ἛΙν]
1458 2923 1516 2971 Εξ
1531 2919 1814 2973 ἆνεπιγράφου.

1360 2980 1439 3017 Ην.
