1962 3354
606 198 746 241 COD.
781 195 981 240 COISL.
1016 194 1172 238 XXV.

1542 194 1627 237 427

150 290 218 381 Ξῖ·
237 290 301 366 11,ιὲ
328 322 551 381 Θεοδότου]
565 324 779 378 Θεοδώρου
789 340 860 376 μο-
916 287 983 378 ἓξ
1002 287 1065 374 11¹3.
1090 322 1227 364 πίστιν
1247 319 1387 364 αὐτοὺς
1406 319 1623 376 ἀγάγωσι]

355 385 495 438 ναχοῦ.

240 450 294 481 20
325 438 373 482 δι’
389 439 531 495 ἀὐτῶν
556 438 654 494 τῶν]
689 440 753 481 διὰ
782 442 861 479 τῶν

352 511 446 538 των.

240 554 294 598 28
324 543 755 609 ΤὸὅΧρυσοστ-όμου]
777 556 860 595 Τοῦ

353 613 469 667 ἁγίου
489 615 548 655 ΐῶ.

150 681 210 727 34
240 681 289 713 21
327 669 463 725 αὐτὸν]
501 670 640 712 αὐτῶν.

241 739 295 771 22
326 726 573 784 δὲΧριστοῦ]
588 726 634 769 δέ
644 744 694 781 γε
706 729 776 768 τοῦ
783 729 859 780 Χρ.

238 797 291 842 31
324 784 648 842 μετειληφότες,]
681 789 861 838 μετειλη-

355 843 488 897 φότος.

239 913 294 958 33
327 900 510 959 πάντων]
541 899 704 943 πάντων
724 903 816 942 τῶν.

327 959 448 1015 ἐθῶν]
490 960 628 1001 ἐθνῶν.

239 1029 299 1072 34
327 1015 403 1074 τῷ]
434 1018 493 1058 τό·

151 1085 208 1130 35
267 1083 295 1130 5
324 1073 542 1174 ἰ’ὶὲγκύρας]
558 1072 755 1128 Ἀγκύρας
772 1089 859 1127 πρε·

380 1149 402 1174 κ
425 1149 508 1174 του.

270 1204 298 1246 9
327 1190 534 1244 τινόντων]
566 1189 768 1231 τινύντῶν.

244 1260 298 1289 10
328 1246 440 1304 οὐδὲ]
473 1245 552 1290 οὐδ’
574 1247 638 1288 ἄν.

242 1316 292 1348 21
329 1305 394 1347 καὶ
412 1305 483 1362 τὰ]
516 1305 582 1346 καὶ
603 1304 668 1346 ἐπὶ
687 1303 748 1346 τά.

244 1375 299 1415 24
329 1361 394 1417 ἐφ’
406 1363 508 1416 ἡμᾶς
529 1360 772 1418 ἐπαγαγεῖν]
797 1362 864 1403 ἐπ-

358 1423 528 1475 αγαγεῖν
549 1419 613 1474 ἐφ’
631 1420 745 1473 ἡμᾶς.

241 1490 298 1535 32
331 1478 564 1532 Κυρίλλου.]
618 1481 702 1519 Τοῦ
748 1477 864 1531 ἁγίου

360 1535 577 1590 Κυρίλλου.

155 1593 212 1650 36
270 1606 296 1649 3
328 1591 674 1647 περιερρήγνυτο·]
704 1607 864 1645 περιεπ-
920 1604 973 1644 41

358 1650 518 1705 ήγνυτο.

269 1718 298 1766 5
330 1706 620 1764 συνενεγκὼν,]
643 1707 863 1762 συνεγκών.

273 1777 297 1822 7
331 1767 390 1822 αἱ]
415 1780 498 1808 om.

273 1823 299 1866 8
329 1822 691 1881 μεταπεποιῆσθαι]
746 1839 864 1875 μετα-

359 1884 573 1923 ποιεῖσθαι.

249 1952 296 1981 ΙΙ
332 1939 412 1995 ὅτι]
437 1939 498 1980 ὅτι
517 1938 573 1980 δέ.

248 1996 300 2039 18
330 1996 474 2053 τούτῳ]
507 2000 637 2038 τοῦτο.

247 2066 300 2098 22
330 2053 426 2111 μὲν]
448 2069 530 2095 om.

157 2123 211 2168 37
272 2125 299 2169 3
332 2111 663 2169 ἆστράπτοντος,]
694 2112 863 2165 ἀπαστρ.

273 2181 300 2226 5
334 2169 491 2226 ἐλθεῖν]
525 2171 662 2212 ἐλθεῖν
681 2168 768 2221 τήν.

252 2238 298 2280 17
331 2228 557 2283 Ἀγκύρας]
592 2231 782 2282 μοναχοῦ.

250 2285 302 2327 28
336 2286 391 2328 εἰς
409 2284 498 2339 τὸν]
523 2299 604 2326 om.

247 2354 299 2397 31
336 2342 511 2397 ἕλοιντο]
547 2341 692 2383 ἕλοιτο.

160 2400 216 2457 38
253 2411 302 2454 17
334 2398 564 2454 Ἀγκύρας.]
597 2402 790 2453 μοναχοῦ.

1121 379 1240 421 αὐτοῦ
1260 379 1395 421 πίστιν
1415 377 1534 432 ἀνάγ.

1008 450 1058 492 19
1090 437 1188 494 τῶν]
1211 451 1295 479 om.

1007 507 1058 550 23
1091 493 1314 550 ὑπάρχων,]
1350 493 1546 548 ὑπάρχον.

1007 565 1062 604 24
1092 551 1248 606 λέγειν]
1285 551 1424 606 λέγην.

1010 623 1062 665 29
1092 611 1193 664 Τοῦ]
1222 613 1306 651 Τοῦ
1327 611 1442 663 ἁγίου
1462 612 1508 650 ἴῶ
1528 611 1612 651 τοῦ.

917 680 975 721 40
1010 681 1061 709 10
1094 666 1436 722 ἐκλαμβάνομεν,]
1479 668 1624 720 ἐκλαμ-

1119 725 1315 778 βάνομεν,
1358 726 1458 767 οὕτω
1503 724 1627 767 πάλιν

1121 784 1219 825 ὅταν
1247 785 1268 824 ὁ
1298 782 1475 837 Χριστὸς
1503 782 1625 836 λέγη-

1122 858 1186 882 ται
1198 840 1430 893 τεθνηκέναι
1442 841 1540 894 ὖπὲρ
1549 844 1628 882 τῶν

1121 900 1320 952 ἁμαρτιῶν
1368 899 1490 951 ἡμῶν,
1538 899 1629 952 περὶ

1122 959 1191 1008 τῆς
1231 956 1378 1010 σαρκὸς
1423 956 1543 997 αὐτοῦ
1581 955 1627 997 τὸ

1120 1015 1345 1068 λεγόμενον
1373 1013 1625 1066 ἐκλαμβάνο-

1123 1089 1213 1125 μεν.

1012 1142 1065 1182 14
1096 1130 1332 1184 ἐπισκόπου]
1367 1131 1525 1184 ἀρχιεπ.

1094 1187 1182 1244 τῆς]
1215 1191 1306 1229 τῶν.

1011 1254 1060 1300 15
1092 1244 1400 1302 Ἀποκρίσεως.]
1439 1243 1626 1298 Ἀποκρί-

1126 1319 1245 1344 σεων.

1013 1362 1066 1401 16
1096 1360 1223 1418 οἶδεν]
1257 1359 1365 1402 οἶδεν
1385 1363 1469 1402 τὸν.

1011 1430 1059 1460 21
1098 1417 1204 1474 ἐστι]
1238 1419 1326 1460 ἐστι
1346 1419 1422 1460 καί.

1011 1488 1064 1519 22
1095 1476 1158 1531 δὲ]
1193 1475 1251 1527 δὴ.

1011 1546 1066 1585 24
1096 1532 1162 1590 τὸ]
1194 1533 1280 1575 τὸν.

1012 1602 1067 1635 20
1096 1589 1359 1646 Ἐλεγκτέον]
1397 1590 1626 1633 Ἐλεκτέον.

1012 1650 1064 1691 28
1098 1647 1234 1705 οὐδὲν]
1268 1649 1385 1691 οὐδὲν
1404 1648 1494 1703 γάρ.

1012 1719 1065 1762 29
1098 1707 1257 1761 εἰπεῖν,]
1295 1706 1425 1759 εἰπῆν.

1040 1775 1063 1818 7
1097 1764 1141 1805 τὸ
1154 1764 1359 1819 Πνεῦμα,]
1379 1763 1450 1806 τὸν
1464 1762 1629 1818 πατέρα.

1016 1834 1066 1866 12
1100 1820 1292 1877 ἐξέβαλε]
1332 1820 1545 1875 ἐξέβαλλε.

1098 1879 1189 1937 ἕνα]
1225 1883 1302 1921 ἵνα.

1013 1950 1068 1980 20
1099 1937 1297 1995 αἰτιατὸν]
1333 1939 1476 1979 αἴτιον.

1014 2008 1068 2039 22
1101 1995 1144 2046 ἐξ
1164 1994 1246 2051 οὗ,]
1280 1997 1322 2047 ἐξ
1343 1995 1402 2044 οὗ,
1426 1995 1496 2038 τὸν
1517 1997 1560 2037 δὲ
1590 1996 1632 2047 ἐξ

1129 2053 1175 2094 οὗ
1197 2053 1260 2094 καὶ
1279 2051 1364 2105 μεθ’
1386 2053 1446 2095 οὗ.

1015 2123 1069 2163 24
1101 2109 1305 2167 ἐπέκεινα]
1337 2109 1540 2153 ὑπέκεινα.

1011 2181 1067 2224 32
1100 2168 1184 2223 ἵνα]
1220 2168 1282 2210 ἵν’.

1011 2240 1069 2282 34
1101 2225 1373 2283 ἐκδεχώμεθα]
1408 2227 1592 2280 ἐκδεχόμ.

1012 2297 1066 2340 35
1100 2283 1630 2337 καὶὸΠατῆρ-Πνεύματι]

1128 2341 1232 2382 ὥστε
1259 2342 1338 2395 ἐγὼ
1364 2343 1409 2382 ἐν
1435 2344 1488 2397 τῷ
1514 2341 1633 2383 πνεύ-

1128 2414 1236 2449 ματι.

921 1777 978 1818 42

251 2470 306 2500 20
338 2456 670 2511 καταλείμματος]
750 2473 862 2498 κατα·
925 2469 979 2511 43
1048 2469 1062 2496 1
1101 2453 1334 2511 ὁμόφωνον]
1368 2454 1585 2509 ὁμόφονον.

363 2517 498 2567 λείμα.

161 2585 217 2628 39
282 2585 300 2613 1
334 2576 418 2614 Τοῦ
450 2572 564 2626 ἁγίου
583 2570 862 2626 Ἀθανασίου.]

362 2629 611 2671 Ἀθανασίου
673 2627 866 2681 Ἀλεξαν·

365 2688 506 2740 δρείας.

281 2757 305 2787 2
335 2743 427 2800 τὸν]
450 2758 530 2785 om.

277 2814 303 2857 3
339 2801 453 2859 νοῦν]
487 2805 581 2843 νοῦν
600 2801 710 2843 ποτέ.

279 2872 309 2912 4
337 2858 471 2916 ποτέ·]
493 2874 574 2900 om.

256 2929 302 2957 11
340 2917 586 2972 ἀνθρώπινα]
644 2917 871 2970 ἀνθρώπινα

368 2978 534 3028 πρῶτον.

1045 2525 1068 2555 2
1101 2513 1122 2553 ὁ
1143 2512 1302 2569 Πατὴρ]
1337 2513 1476 2565 Πατὴρ
1498 2515 1531 2554 ὁ.

1102 2569 1351 2627 ὁμωνύμως,]
1384 2572 1600 2623 ὁμώνυμος.

1021 2631 1070 2669 16
1103 2628 1315 2684 ἀνείλετε]
1351 2629 1551 2670 ἀνείλατε.

1018 2698 1069 2741 23
1102 2687 1185 2726 Τοῦ
1205 2686 1336 2742 ἁγίου]
1363 2701 1445 2727 om.

1103 2741 1320 2785 ἐπισκόπου
1351 2743 1635 2798 Ἀντιοχείας.]

1131 2799 1545 2856 ἆρχιεπ.Ἀντιοχείας
1556 2801 1634 2843 ἀπὸ

1130 2855 1257 2911 λόγου
1277 2858 1352 2910 os.

1019 2927 1069 2969 27
1103 2913 1166 2970 δέ]
1202 2915 1247 2957 δ’.

930 2988 987 3027 44
1051 2985 1073 3016 2
1106 2971 1257 3030 λέγων]
1295 2973 1420 3028 λέγει.

1058 3044 1078 3085 3
1104 3045 1118 3071 1
1144 3043 1167 3072 2
