1962 3354
369 216 454 261 446

747 218 1072 260 VARIETAS
1104 219 1449 261 LECTIONIS

367 310 451 399 335
474 310 539 386 Ῐ28
569 343 797 415 προτίθησι]
819 344 1068 396 προστίθησι.
1126 310 1208 399 343
1237 310 1299 400 33
1327 347 1410 385 Τοῦ
1431 343 1582 398 αὐτοῦ]
1614 346 1698 386 Τοῦ
1720 347 1822 399 Χρυ-

483 413 541 455 30
571 397 814 456 ἀκουόντων]
849 398 1071 442 ἀκουόντων

598 474 684 508 μου.

483 527 537 570 33
569 512 817 569 γενόμενος,]
847 512 1068 567 γινόμενος.

368 572 537 627 33613
571 572 670 623 οὔση
717 572 829 612 οῦσα.

489 641 539 683 19
565 626 672 681 'Apa
728 631 811 669 Τοῦ
842 626 1071 681 Χρυσοστό-

598 702 686 737 μου.
720 683 840 738 ”.Αρα

487 754 542 793 24
572 741 1069 798 ἀποκρύπτων]-κρύπτειν.

487 810 536 852 27
570 802 653 840 Τοῦ
674 797 826 854 αὐτοῦ]
857 803 939 840 Τοῦ
970 803 1071 852 Χρυ-

601 855 811 908 σοστόμου.

512 922 537 968 5
569 911 826 968 Ἀμμωνίου.]
847 912 1072 965 Ἀμμωνίου

598 970 884 1024 πρεσβυτέρου.

489 1036 536 1079 17
571 1026 729 1083 λέγειν]
750 1027 878 1081 λέγει.

489 1097 506 1124 1
515 1097 539 1137 9
571 1084 895 1140 περιεποιήσατο]
907 1085 995 1138 περὶ
1009 1085 1069 1126 ἐπ.

487 1152 541 1184 22
573 1142 776 1197 ἐριθείαν,]
804 1143 966 1195 ἐριθίαν.

488 1207 539 1251 27
574 1199 793 1253 ἆπατηλὰς]
821 1200 1055 1250 ἀπατηλοῦς.

489 1255 540 1296 28
573 1255 836 1310 ἀποστρέφει]
864 1255 1069 1309 -τρέφειν,

485 1324 542 1364 30
573 1313 822 1369 ἐπισκοπεῖν]
840 1313 1067 1363 ἐπισκοπὴν.

485 1381 541 1423 32
573 1370 633 1409 ὅτι
654 1369 799 1425 κέρδει]
823 1371 843 1410 ὁ
866 1369 1068 1422 ἐπικέρδει.

369 1426 454 1482 338
518 1438 536 1465 1
570 1425 779 1482 ποιμένας]
801 1426 1007 1478 ποιμάνας.

487 1494 539 1537 25
571 1483 710 1539 ἄρτον]
734 1483 853 1536 ἄρτον
872 1487 1026 1524 τοῦτον.

571 1539 685 1596 ὁρᾶς]
709 1541 803 1593 ὀρᾶς
823 1541 896 1581 ὅτι.

489 1598 544 1639 26
574 1597 713 1653 αὐτὸν]
737 1597 892 1639 ἑαυτὸν

573 1654 752 1708 ἕτερα]”
731 1671 879 1707 ετερον.

485 1724 541 1766 30
574 1710 810 1783 ἐνδοιάσεις]
836 1711 1054 1762 ἐνδοιάσης.

486 1781 538 1822 31
573 1766 783 1823 ὥσπερ]“
752 1785 887 1821 ωσπερ
907 1770 955 1809 οἱ.

370 1838 454 1881 339
491 1838 541 1879 19
573 1824 826 1880 ξενιζώμεθα]
848 1824 1037 1878 -ζόμεθα,

485 1894 541 1938 32
573 1880 694 1937 οῦν]
686 1897 727 1922 m
751 1897 882 1938 marg.

370 1951 455 1994 340
516 1940 539 1980 ὃ
574 1937 668 1994 Δεῖ]
685 1938 922 1991 Ἀμμωνίου.
954 1944 1043 1981 Δεῖ.

489 2007 540 2050 27
571 1995 830 2051 Ἀμμωνίου.]
850 1995 1074 2048 Ἀμμωνίου

601 2054 887 2106 πρεσβυτέρου.

491 2122 539 2164 13
572 2109 638 2164 τὸ]
662 2113 730 2165 τῷ.

486 2179 545 2221 34
573 2165 732 2220 Ἀσίας]
757 2166 922 2209 Οὐσίας.

372 2236 452 2278 341
518 2224 544 2263 6
575 2222 830 2279 ὀφείλουσιν]
852 2229 1023 2265 -λωσιν.

518 2291 540 2333 7
575 2279 645 2336 ὡς]
669 2294 749 2320 om.

517 2337 540 2376 8
572 2336 634 2390 τὸ]
660 2338 727 2391 τῷ.

490 2406 543 2434 10
571 2392 827 2448 Ἀμμωνίου.]
851 2392 1074 2446 Ἀμμωνίου

600 2450 888 2503 πρεσβυτέρου.

572 2505 615 2561 ὁ]
638 2522 720 2547 om.

371 2576 456 2618 342
520 2577 536 2603 1
574 2563 826 2619 ἀπέχονται]
848 2581 1038 2618 -χωνται.

490 2632 543 2675 29
573 2624 657 2661 Τοῦ
679 2622 826 2676 αὐτοῦ]
861 2624 944 2662 Τοῦ
973 2625 1075 2674 Χρυ-

602 2679 813 2729 σοστόμου.

486 2746 538 2788 31
573 2733 833 2790 Ἀμμωνίου.]
851 2733 1074 2786 Ἀμμωνίου

603 2790 887 2844 πρεσβυτέρου.

487 2859 542 2901 32
575 2848 649 2888 σὺν
668 2848 787 2904 πᾶσι]
811 2851 1024 2900 συμπᾶσιν.

373 2915 455 2957 343
494 2916 508 2942 1
523 2917 539 2944 1
573 2907 655 2945 Τοῦ
670 2906 973 2959 Χρυσοστόμου]
992 2908 1073 2946 Τοῦ

602 2978 733 3003 αυτ-ου.

369 923 450 969 337

1357 401 1569 453 σοστόμου.

1127 471 1214 513 344
1245 470 1294 501 21
1327 459 1715 510 ΤοῦΧρυσοστόμου.
1718 442 1828 514 ]Τοῦ

1357 515 1490 556 αὐτοῦ.

1242 584 1298 628 32
1327 570 1584 624 Ἀμμωνίου.]
1604 569 1828 625 Ἀμμωνίου

1358 627 1644 682 πρεσβυτέρου.

1128 699 1212 742 345
1247 686 1299 728 28
1329 683 1830 741 ΤοῦΧρυσοστόμου.]Τοῦ

1361 743 1490 784 αὐτοῦ.

1128 802 1214 856 346
1274 811 1296 853 7
1328 803 1411 841 Τοῦ
1432 800 1550 841 αὐτοῦ
1592 802 1675 842 Τοῦ
1695 803 1770 853 Χρ.

1127 869 1209 914 347
1276 871 1294 898 1
1331 800 1572 915 ἐρρωμένον]
1664 858 1829 910 ἐρρωμε-

1359 931 1432 957 νες.

1272 985 1296 1026 3
1332 973 1509 1015 εἰπόντος
1524 972 1555 1026 ;]
1581 972 1770 1015 εἰπόντες.

1271 1042 1301 1081 4
1332 1029 1499 1086 ἑαυτῶν]
1524 1029 1677 1070 ἑαυτὸν.

1330 1085 1545 1142 μονάζειν.]
1568 1084 1751 1138 μονάζην.

1275 1144 1298 1183 8
1330 1143 1400 1199 τῷ]
1427 1142 1485 1184 τὸ.

1332 1200 1509 1257 ἕπομαι,]
1534 1199 1689 1254 ἔχομαι.

1251 1266 1298 1312 15
1331 1256 1564 1314 ἀσθένειαν]
1616 1255 1830 1298 ἀσθένειαν

1357 1317 1506 1355 παθῶν.

1249 1383 1295 1421 17
1332 1369 1454 1426 εἴποι]
1478 1369 1614 1412 εἵποιέ.

1250 1428 1297 1467 18
1329 1427 1484 1482 τῶνδε,]
1507 1429 1559 1483 τῷ
1578 1428 1637 1469 δὲ.

1274 1486 1298 1524 6
1329 1483 1829 1538 ΤοῦΧρυσοστόμου.]Τοῦ

1359 1558 1490 1582 αυτου.

1249 1610 1299 1640 12
1329 1601 1412 1639 Τοῦ
1425 1598 1554 1639 αὐτοῦ.
1579 1597 1722 1652 Οὗτος]
1748 1599 1830 1638 Τοῦ

1358 1659 1432 1708 Χρ.
1466 1656 1611 1699 Οὕτως.

1247 1723 1296 1753 21
1331 1716 1413 1753 Τοῦ
1435 1712 1572 1769 αὐτοῦ]
1594 1715 1677 1753 Τοῦ
1697 1714 1770 1764 Χρ.

1247 1779 1297 1822 27
1330 1770 1716 1822 ΤοῦΧρυσοστόμου.
1719 1768 1830 1823 ]Τοῦ

1360 1826 1490 1868 αὐτοῦ.

1128 1485 1212 1540 348

1130 1896 1214 1939 349
1247 1896 1301 1925 20
1331 1882 1525 1939 Σευήρου]
1560 1881 1733 1935 Σευήρου
1763 1881 1830 1934 ἆρ-

1359 1941 1620 1994 χιεπισκόπου
1671 1938 1828 1980 ’-Αντιο

1359 1998 1483 2051 χ.είας

1246 2065 1300 2096 22
1329 2052 1613 2108 μεθιστάντας]
1621 2052 1831 2105 μεθιστάν-

1358 2127 1435 2153 τες.

1247 2179 1270 2208 2
1273 2180 1299 2222 5
1331 2166 1417 2223 τῆς]
1440 2180 1523 2207 om.

1247 2233 1299 2277 27
1332 2221 1608 2280 ὃιαπτύσωσι·]
1669 2223 1827 2264 διαπτύ-

1359 2297 1498 2322 σωσιν.

1129 2351 1210 2393 351
1275 2352 1299 2392 9
1331 2337 1827 2411 σύμβολονΊσύμβουλον.

1244 2407 1297 2450 33
1333 2393 1370 2445 ζ’
1373 2396 1389 2450 ]
1416 2397 1526 2436 ἑπτὰ.

1129 2461 1214 2507 352
1279 2465 1296 2493 1
1332 2450 1580 2507 ἐποίησεν]’
1563 2450 1770 2501 εποίησαν.

1272 2522 1297 2564 3
1332 2509 1490 2580 κόμην]
1510 2509 1682 2561 γνώμην.

1274 2581 1298 2621 9
1329 2564 1446 2620 ῥητὰ]
1468 2564 1631 2618 ῥήματα·

1249 2634 1299 2662 12
1329 2621 1532 2676 πέπομφε]
1557 2638 1586 2662 π
1589 2620 1757 2674 έ.μποφε

1249 2693 1297 2733 15
1331 2680 1454 2733 ἀλλὰ]
1480 2677 1597 2719 ἀλλ.

1250 2746 1299 2789 17
1332 2734 1573 2790 δογμάτων.]
1596 2732 1787 2787 δόγματα.

1244 2805 1302 2848 34
1330 2793 1713 2845 ΤοῦΧρυσοστόμου.
1718 2791 1830 2845 ]Τοῦ

1363 2850 1494 2890 αὐτοῦ.

1130 2918 1212 2961 353
1247 2915 1297 2960 27
1329 2909 1411 2946 Τοῦ
1433 2905 1583 2960 αὐτοῦ]
1619 2908 1700 2946 Τοῦ
1727 2907 1829 2957 Χρυ-

1359 2964 1570 3014 σοστόμου.
