1962 3354
640 222 777 264 COD.
811 221 1008 264 COISL.
1042 221 1197 263 XXV.

291 312 354 340 nn.

1570 222 1654 262 443

947 312 1111 344 Pag.1.5n.

174 312 253 390 281
293 359 345 401 19
374 344 633 402 Ἀμμωνίου.]
653 344 881 399 Ἀμμωνίου
941 358 1020 401 291
1060 357 1108 399 17
1141 345 1240 400 τῶν]
1274 343 1357 386 τὸν

404 403 693 458 πρεσβυτέρου.

375 461 472 518 μὲν]
503 462 566 514 μὲ.

293 531 346 563 22
377 519 504 575 οὗτοι]
539 519 647 561 οὗτοι
667 519 725 560 δὲ.

290 589 343 634 23
377 575 722 632 καταγγέλλουσι]
790 593 879 618 κατ-

407 634 655 688 αγγέλλωσι.

291 702 343 747 27
374 691 463 748 ἦν,]
494 692 544 744 ἦν
565 692 709 735 αὐτοῖς.

176 750 259 794 282
323 764 340 792 1
376 751 767 823 ΤοῦΧρυσοστόμου.
772 747 882 804 ]Τοῦ

407 807 527 849 αὐτοῦ
543 816 586 849 et
604 806 646 848 in
668 821 798 864 marg.
813 810 883 848 τοῦ

320 924 348 965 6
376 926 460 964 Τοῦ
482 922 612 964 αὐτοῦ.
659 937 742 964 0111.

319 994 346 1036 9
375 983 460 1022 Τοῦ
480 981 612 1022 αὐτοῦ.
658 995 740 1022 om.

293 1051 349 1092 14
378 1037 658 1095 κερδαίνωσιν]
689 1039 883 1091 κερδάνω-

405 1113 485 1138 σιν.

295 1154 347 1195 16
379 1153 550 1209 αὐτούς’]
586 1153 732 1197 αὐτοῖς.

293 1213 347 1253 26
376 1209 639 1267 Ἀμμωνίου.]
657 1210 883 1264 Ἀμμωνίου

406 1268 693 1322 πρεσβυτέρου.

291 1338 350 1382 30
380 1325 557 1380 ἐνσάρκα
611 1325 819 1380 ἐνσάρκου.

178 1384 259 1441 283
319 1396 346 1439 3
380 1382 556 1438 ἔφευγον
609 1384 776 1438 ἔφυγον.

297 1455 349 1497 19
378 1442 594 1497 Λύστροις]
628 1443 784 1485 λύπαις.

324 1500 349 1541 8
378 1497 640 1554 Ἀμμωνίου.]
656 1497 884 1552 Ἀμμωνίου

408 1555 698 1610 πρεσβυτέρου.

380 1612 504 1669 ὁρῶν]
537 1615 640 1667 ὁρῶν
659 1614 798 1655 οὖσαν.

298 1684 352 1714 10
381 1670 630 1726 συζητήσεις]
654 1670 883 1724 συζητήσης.

299 1742 349 1786 13
383 1727 524 1785 αὐτοῦ]
559 1730 715 1771 ἑαυτοῦ.

297 1789 350 1831 28
384 1788 440 1830 εἷς
469 1786 542 1838 τὴν
573 1785 802 1843 ἑρμηνείαν]
845 1787 888 1828 ἐκ

410 1846 479 1896 τῆς
501 1845 719 1897 ἑρμηνείας.

294 1915 351 1959 32
382 1900 489 1958 ταῖς]
521 1906 614 1946 τοῖς.

383 1959 758 2016 κατασκεδασμένα]
779 1976 889 2001 κατε-

409 2017 677 2070 σκεδασμένα.

180 2075 264 2131 285
298 2087 347 2117 21
382 2074 532 2132 φασὶν]
564 2076 703 2129 φησὶν.

181 2134 260 2188 287
322 2143 349 2188 5
383 2132 447 2174 καὶ
485 2133 603 2174 λίθον
639 2133 704 2174 καὶ
743 2132 885 2190 ξύλον]

410 2191 474 2232 καὶ
494 2191 617 2242 ξύλον
639 2191 702 2232 καὶ
721 2192 853 2233 λίθον.

327 2258 350 2300 7
384 2247 587 2304 σύναξιν,]
621 2250 820 2300 σύνταξιν.

182 2316 266 2361 290
301 2317 352 2360 19
385 2304 622 2361 Κυρίλλου.]
686 2308 888 2360 Κυρίλλου

411 2361 732 2416 Ἀλεξανδρείας.

383 2419 454 2460 τὸν
468 2419 579 2461 Θεὸν
593 2420 663 2461 τὸν
677 2421 864 2474 ὕψιστον·
869 2419 887 2477 ]

412 2493 466 2532 τῳ
489 2477 565 2533 θεῷ
586 2478 639 2533 τῷ
661 2479 832 2533 ὑψίστῳ.

300 2547 355 2576 20
387 2517 480 2589 ἐὰν]
514 2535 586 2575 ε’ἂν
606 2535 696 2576 σὺν.

300 2604 353 2634 22
384 2594 437 2648 τῷ
459 2593 601 2647 φαύλῳ
622 2592 667 2633 τὸ
695 2593 863 2646 ἀγαθὸν,
869 2591 886 2648 ]

413 2648 458 2690 τὸ
480 2649 642 2703 φαυλὸν
663 2652 715 2706 τῷ
737 2651 888 2706 ἀγαθῶ.

300 2718 351 2762 23
385 2705 462 2763 τῷ]
494 2706 555 2748 τὸ.

184 2777 262 2820 291
329 2766 353 2805 8
385 2748 476 2820 τοῦ]
509 2764 569 2806 τὸ.

303 2834 354 2863 12
385 2825 454 2862 τοῦ
509 2821 568 2863 τὸ.

304 2892 356 2931 14
385 2882 455 2920 τοῦ
509 2879 570 2921 τὸ.

306 2950 355 2992 15
388 2937 600 2992 ἀναπνεῖν]
635 2937 865 2980 ἆναπνέειν.

388 2993 478 3051 τοῦ]
510 2994 568 3037 τὸ.

179 1499 265 1552 284

1058 415 1113 445 20
1145 402 1210 457 οὗ]
1245 402 1291 443 οὗ
1313 403 1370 443 δε.

1143 460 1315 515 πρώτης]
1352 460 1512 514 πρό-της.

1058 519 1110 560 28
1144 517 1252 574 ἐστι]
1284 535 1336 559 τι.

943 588 1025 633 292
1061 589 1110 631 17
1145 573 1393 631 Παρθένιον]
1428 574 1621 618 -θενειον.

1144 633 1344 688 ἐντυχὸν,]
1382 634 1573 687 ἐντυχὼν.

1062 691 1112 732 18
1145 689 1412 746 ἀμελοῦντας]
1447 695 1647 736 -λοῦντος,

1063 762 1113 802 19
1145 749 1207 804 δὲ]
1233 763 1316 790 om.

1060 819 1115 849 20
1145 807 1303 861 φησιν,]
1338 811 1482 859 φασιν.

944 877 1028 918 294
1087 877 1116 916 4
1144 867 1228 905 Τοῦ
1249 864 1401 919 αὐτοῦ]
1434 867 1518 905 Τοῦ
1540 868 1615 918 Χρ.

944 933 1026 978 295
1061 931 1111 976 27
1143 920 1382 974 Ἀμμωνίου.
1406 923 1646 978 Σημείωται]

1173 978 1400 1032 Ἀμμωνίου
1424 980 1648 1033 πρεσβυτέ-

1173 1054 1255 1089 ρου.
1294 1037 1558 1090 Σημειωτέον.

1062 1095 1115 1137 28
1148 1095 1307 1168 φύσει·]
1341 1096 1515 1148 φύσεως.

1146 1151 1356 1208 λέγοντες]
1391 1151 1602 1206 λέγοντας.

945 1212 1028 1266 296
1087 1223 1113 1266 3
1147 1210 1272 1265 ἄλλο]
1310 1211 1436 1252 ἄλλω.

1087 1280 1114 1323 5
1148 1268 1318 1311 ἀλλοίας
1339 1267 1479 1324 ὄντας]
1512 1269 1653 1310 ἀλλοί-

1176 1342 1309 1369 οντας.

1090 1383 1116 1422 6
1147 1383 1285 1438 ἵβεις,]
1322 1385 1460 1436 εἷβεις.

1148 1440 1213 1482 καὶ
1228 1441 1450 1494 αἰλούρους,
1467 1442 1531 1483 καὶ
1542 1440 1655 1493 πιθή-

1178 1499 1302 1553 κους,]
1356 1499 1419 1540 καὶ
1452 1498 1650 1550 πιθήκους,

1178 1556 1240 1597 καὶ
1261 1556 1483 1609 αἰλούρους.

1065 1623 1114 1666 17
1142 1611 1292 1668 ‘'Orrep]
1326 1617 1410 1655 Τοῦ
1424 1614 1557 1656 αὐτοῦ.
1578 1612 1655 1657 ‘'0-

1176 1687 1266 1724 περ.

1062 1740 1113 1783 23
1148 1728 1344 1786 Σευήρου]
1355 1728 1528 1783 Σευήρου
1542 1731 1654 1785 ἀρχι-

1168 1786 1652 1843 επισκόπουἈντιοχείας.

1065 1853 1117 1895 27
1150 1845 1326 1900 χρόνων]
1359 1845 1522 1899 χρόνον.

1064 1901 1117 1942 28
1148 1901 1270 1972 πρὸς]
1304 1904 1372 1945 εἰς.

1061 1971 1113 2014 31
1148 1957 1408 2059 Ἀμμωνίουέ]
1428 1959 1655 2015 Ἀμμωνίου

1178 2017 1383 2070 πρεσβυτέ
1382 2035 1467 2072 ρου.

949 2084 1028 2131 297
1091 2087 1117 2130 5
1150 2074 1315 2131 αὐτοῖς’]
1350 2076 1483 2120 αὐτός.

1149 2131 1240 2187 τὴν]
1265 2148 1349 2174 om.

1067 2203 1117 2232 12
1150 2190 1369 2247 ὤφθησαν]
1401 2192 1503 2246 ὥφθ.
1525 2197 1626 2242 τοῖς,

1068 2250 1118 2289 16
1151 2247 1347 2304 ἅπαντες]
1369 2250 1415 2291 οὐ
1435 2250 1594 2295 πάντες.

1152 2304 1243 2360 οὐκ]
1265 2321 1347 2346 om.

1071 2362 1118 2402 18
1150 2362 1297 2418 μόνον]
1328 2365 1476 2415 μόνων.

1068 2433 1118 2474 19
1151 2418 1266 2492 ἀλλ’]
1299 2422 1423 2463 ἀλλὰ.

1066 2488 1118 2519 22
1150 2480 1228 2518 τῶν
1251 2476 1455 2520 Ἰουδαίων
1484 2496 1556 2530 την
1586 2481 1656 2521 πό-

1177 2536 1283 2605 λιν,]
1323 2536 1395 2587 τὴν
1425 2538 1546 2578 πόλιν
1577 2541 1656 2579 τῶν

1177 2589 1394 2635 Ἰουδαίων.

1066 2661 1117 2704 23
1152 2649 1196 2690 ἐν
1225 2649 1337 2706 μέσῳ
1367 2649 1454 2706 τῆς]
1496 2652 1655 2705 ἐμμέσω

1179 2710 1263 2749 τοῦ.

1068 2773 1120 2817 25
1153 2765 1243 2822 τοῦ]
1266 2780 1349 2806 om.

1068 2821 1122 2862 26
1155 2822 1333 2876 σώμασι]
1364 2824 1528 2875 σώματι.

1065 2891 1123 2934 30
1153 2881 1295 2935 πειθὼ]
1329 2882 1445 2922 πιθὼ.

1066 2948 1122 2991 32
1156 2938 1322 2994 ἐγεῖραι]
1361 2939 1504 2993 εγεῖρε.

953 2993 1035 3050 298
1098 2994 1121 3035 8
1154 2995 1375 3053 αὐτόπτως]
1409 2997 1599 3039 αὐτόπως.

1022 3064 1046 3106 3
1071 3066 1096 3093 L
1120 3063 1143 3094 2
