1962 3354
321 1472 333 1493 ²
377 1472 460 1518 377

381 239 466 281 448

398 331 463 363 Pag.
483 331 545 358 Lln.

379 376 462 420 373
494 377 548 421 33
581 367 663 406 Τοῦ
699 364 831 406 αὐτοῦ.
875 363 984 418 ’Ὀρα
1019 366 1083 407 καὶ

610 421 832 474 ἐπιβουλὴν
859 422 1083 476 ἀπολογίαν

610 478 786 533 ἔχουσαν
827 480 925 532 ὑπὲρ
966 479 1082 520 αὐτοῦ

611 536 675 577 καὶ
717 537 954 590 κατηγορίαν
1000 536 1080 578 κατ’

612 593 788 635 ἐκείνων.

379 662 404 705 3
412 659 465 704 74
528 664 546 691 1
581 653 663 692 Τοῦ
675 649 992 706 Χρυσοστόμου.]
1001 653 1082 691 Τοῦ

610 724 725 776 ἁγίου
787 728 831 765 ιῶ
891 712 1084 777 αέεπισκῖ)Γ

616 780 1076 826 Κωνσταντινουπόλεως

611 840 679 878 τοῦ
701 840 1002 892 Χρυσοστόμου.

496 907 549 948 29
579 892 837 951 Ἀμμωνίου.]
859 894 1082 949 Ἀμμωνίου

607 951 892 1005 πρεσβυτέρου.

526 1020 549 1051 2
580 1010 988 1064 ΤοῦΧρυσοστόμου.]
999 1013 1081 1051 Τοῦ

608 1067 721 1118 ἁγίου
743 1074 801 1107 ιῶ.

496 1133 551 1173 24
579 1125 662 1163 Τοῦ
683 1122 835 1179 αὐτοῦ]
863 1126 946 1165 Τοῦ
968 1125 1081 1178 ἁγίου

610 1196 665 1220 ιω.

496 1246 547 1288 27
579 1235 843 1293 Τέρτυλλος,]
865 1236 1079 1291 Τέρτυλος.

497 1291 548 1334 28
579 1292 828 1349 Τέρτυλλος]
851 1293 1061 1347 Τέρτυλος.

529 1361 546 1389 1
579 1349 988 1406 ΤοῦΧρυσοστόμου.]
998 1354 1080 1392 Τοῦ

609 1408 723 1459 ἁγίου
745 1412 802 1450 ιῶ.

498 1473 548 1504 12
578 1462 986 1519 ΤοῦΧρυσοστόμου.]
998 1468 1079 1505 Τοῦ

608 1520 722 1573 ἁγίου
744 1527 788 1562 ιώ
806 1524 874 1562 τοῦ
895 1525 968 1574 Χρ.

495 1587 546 1632 23
578 1575 649 1628 Ἐξ
669 1577 977 1632 ἆνεπιγράφου.]
997 1592 1078 1619 om.

496 1646 551 1685 24
579 1634 801 1705 λατρεύων]
823 1637 1043 1688 λατρεύειν.

495 1691 551 1733 26
579 1690 836 1748 Ἀμμωνίου.]
861 1707 945 1733 om.

495 1757 545 1801 27
580 1747 705 1803 3n]“
682 1765 743 1789 οτι
763 1750 816 1791 οἱ.

495 1817 549 1860 29
580 1805 698 1860 ὦν]““
680 1822 740 1847 ον.

709 1863 722 1878 Ι
810 1863 822 1878 9
883 1863 895 1880 5
940 1863 951 1878 5

378 1020 462 1064 375

378 1349 463 1403 376

609 1919 760 1961 στεύων
781 1919 863 1962 οὐκ.

493 1987 545 2030 31
581 1975 654 2032 τῷ]
677 1976 734 2017 τὸ.

493 2044 550 2087 32
581 2032 669 2089 τὸν]
693 2047 772 2074 om.

528 2101 544 2130 1
579 2089 720 2160 οὔσης]
744 2091 881 2133 οὔσαις
899 2092 981 2141 τῆς.

524 2158 549 2188 2
579 2144 745 2198 Ἰουδὴθ,
751 2145 769 2201 ]
791 2145 932 2187 Ἰωδὶθ.

521 2215 552 2255 4
579 2201 852 2257 Ἀπόστολον]
874 2207 1034 2246 -τολος,

497 2272 550 2300 10
579 2258 794 2315 πευστέον]
815 2259 1030 2301 πευστέων.

497 2328 548 2359 12
579 2316 660 2369 ὅτι]
681 2317 741 2358 ὅτι
762 2316 836 2357 καὶ.

497 2386 548 2427 19
580 2372 823 2429 συνάδοντα]
847 2373 1031 2415 συνάδον.

494 2443 546 2486 23
578 2429 731 2486 τοίνυν]
754 2431 888 2472 τοίνυν
907 2432 1038 2474 οὕτως.

495 2498 546 2542 27
579 2487 746 2542 ὑμῖν,]“
726 2491 831 2539 ημῖν.

491 2557 548 2600 32
579 2542 681 2599 Τοῦ]
703 2547 785 2585 Τοῦ
807 2544 921 2597 ἁγίου
942 2548 985 2584 ιῶ
998 2547 1079 2586 τοῦ.

526 2601 549 2642 8
582 2599 912 2672 ἆρχιεπισκόπου]
950 2601 1080 2655 ἀρχιε-

607 2656 804 2698 πισκόπου
824 2658 1060 2711 ἀντιοχείας.

581 2713 849 2770 κωδικέλλων]
875 2715 1077 2756 κωδικαίλ-

606 2774 705 2812 λων.

495 2838 547 2869 22
578 2830 660 2868 Τοῦ
668 2825 965 2880 Χρυσοστόμου.
968 2826 1079 2882 ]Τοῦ

378 2938 464 2994 380
499 2951 513 2979 1
528 2952 543 2979 Ι
577 2884 868 2995 ’gaimus
856 2940 1079 2992 Ἀμμωνίου

607 2996 894 3049 πρεσβυτέρου.

377 2089 462 2144 378

378 2610 464 2656 379

762 239 1083 281 VARIETAS
1115 239 1397 282 LECTION
1403 241 1458 282 IS

1151 331 1173 356 Ρ
1210 350 1217 358 .
1255 331 1309 357 Lin

1173 339 1208 365 ag
1258 374 1310 420 25
1341 364 1602 439 Ἀμμωνίου]
1626 381 1707 409 om.

1141 423 1227 478 380
1259 424 1313 464 26
1344 423 1465 479 αὐτῷ]
1490 423 1598 476 αὐτῆ.

1260 480 1311 521 28
1343 481 1409 522 ἵνα
1431 481 1512 535 καὶ]
1536 496 1618 524 om.

1141 536 1226 592 382
1287 548 1310 591 7
1342 535 1446 592 Τοῦ]
1467 541 1584 579 Τοῦ
1565 540 1680 612 αγίρυ
1696 545 1740 581 ιῶ
1759 543 1842 581 τοῦ.

1259 606 1308 637 21
1341 594 1729 650 ΤοῦΧρυσοστόμου.
1733 595 1843 653 ]Τοῦ

1373 652 1503 694 αὐτοῦ.

1256 720 1307 763 31
1343 708 1429 762 τὸν]
1455 709 1525 750 τὸν
1546 709 1679 752 θεὸν
1659 728 1697 762 η.

1141 765 1223 820 383
1290 779 1308 806 1
1343 766 1414 806 τὸν
1457 780 1540 807 om.

1288 835 1310 876 7
1345 824 1476 878 Διοτι]
1505 825 1635 866 Διατί.

1259 891 1313 932 24
1342 883 1424 922 Τοῦ
1446 880 1578 921 αὐτοῦ.
1581 881 1600 937 ]
1623 883 1706 923 Τοῦ
1726 881 1841 935 ἁγίου

1372 941 1426 978 ιώ.

1140 992 1228 1048 384
1261 993 1312 1034 16
1341 992 1599 1068 Ἀμμωνίου.]
1616 994 1841 1048 Ἀμμωνίου

1369 1051 1654 1122 πρεσβυτέρου.

1259 1117 1310 1161 27
1344 1108 1524 1149 εἰκοστὸν
1537 1109 1719 1163 δεύτερον
1733 1109 1838 1208 ἔτοςὲ]

1371 1167 1549 1206 εἰκοστοῦ
1588 1165 1770 1219 δευτέρου
1824 1193 1842 1201 -

1369 1239 1472 1265 τους.

1257 1290 1310 1332 29
1343 1277 1385 1333 ὁ]
1407 1294 1490 1320 om.

1128 1335 1223 1391 ,385
1259 1347 1309 1375 12
1342 1335 1426 1391 καὶ]
1448 1350 1530 1377 om.

1258 1392 1307 1432 18
1340 1391 1443 1447 Τοῦ]
1469 1396 1552 1434 Τοῦ
1572 1394 1686 1447 ἁγίου
1704 1392 1839 1435 Ἰωάν-

1370 1465 1439 1490 νου
1459 1466 1540 1490 του.

1256 1517 1306 1560 23
1340 1504 1522 1562 Εἶκότος]
1545 1505 1732 1550 Εἰκότως.

1257 1564 1309 1603 26
1339 1562 1604 1615 ὑπερέβαινεν
1636 1565 1756 1607 ἀκοὰς
1785 1567 1838 1606 δι-

1370 1618 1535 1675 καστοῦ]
1577 1623 1761 1662 δικαστοῦ
1799 1623 1840 1663 ὑ-

1368 1676 1606 1729 περέβαινεν
1626 1679 1758 1722 ἀκοὰς.

1138 1734 1224 1789 386
1284 1735 1310 1775 6
1334 1731 1462 1790 ‘'Opa]
1483 1737 1567 1776 Τοῦ
1568 1735 1710 1807 ἁγίου
1712 1739 1757 1776 ιῶ
1770 1738 1838 1777 τοῦ

1369 1789 1667 1844 Χρυσοστόμου.
1691 1789 1813 1846 Ὅρα.

1255 1860 1305 1888 21
1339 1850 1440 1902 Τοῦ]
1466 1851 1549 1889 Τοῦ
1566 1849 1680 1902 ἁγίου
1700 1854 1743 1890 ιῶ
1756 1852 1837 1891 τοῦ.

1253 1917 1304 1960 31
1339 1903 1724 1958 ΤοῦΧρυσοστόμου.
1727 1905 1838 1962 ]Τοῦ

1369 1960 1502 2003 αὐτοῦ.

1136 2019 1219 2074 387
1259 2019 1309 2059 16
1339 2017 1623 2090 Ἀμμωνίου.’]
1627 2019 1836 2072 Αμμωνίου

1365 2075 1651 2129 πρεσβυτέρου.

1255 2144 1304 2185 19
1336 2130 1421 2186 ὅτε]
1444 2132 1517 2172 ὅτι.

1253 2200 1308 2240 24
1336 2186 1438 2242 Τοῦ]
1466 2191 1548 2229 Τοῦ
1569 2188 1683 2241 ἁγίου
1702 2186 1836 2230 Ἰωάν-

1367 2260 1435 2285 νου
1455 2261 1538 2286 του.

1134 2301 1218 2357 388
1281 2300 1304 2341 8
1335 2300 1721 2354 ΤοῦΧρυσοστόμου.
1725 2303 1836 2357 ]Τοῦ
1856 2348 1859 2349 ⁷

1366 2358 1500 2399 αὐτοῦ.

1252 2414 1305 2457 26
1335 2417 1418 2456 Τοῦ
1437 2415 1567 2457 αὐτοῦ.
1574 2414 1592 2471 ]
1617 2417 1739 2456 Τοῦ
1720 2416 1834 2469 αγίου

1359 2477 1402 2512 ιῶ
1420 2475 1488 2513 τοῦ
1510 2470 1807 2526 Χρυσοστόμου.

1250 2541 1305 2583 33
1333 2527 1420 2599 Οὐ]
1442 2532 1525 2570 Τοῦ
1545 2529 1677 2570 αὐτοῦ.
1708 2530 1784 2571 Οὐ.

1135 2588 1217 2641 389
1279 2586 1304 2626 8
1333 2583 1569 2638 Ἀμμωνίου.
1574 2584 1592 2641 ]
1612 2584 1834 2638 Ἀμμωνίου

1363 2641 1647 2695 πρεσβυτέρου.

1253 2710 1308 2750 24
1337 2698 1426 2754 τὸν]
1449 2703 1541 2740 τῶν.

1249 2757 1304 2810 32
1338 2757 1372 2796 εἰ
1397 2757 1473 2809 γὰρ
1492 2755 1545 2808 μὴ
1565 2756 1720 2808 τοιαύτη
1741 2754 1835 2807 δόξα

1362 2812 1423 2864 ἦν·
1428 2813 1445 2869 ]
1467 2827 1552 2852 om.

1133 2881 1218 2925 390
1280 2879 1302 2922 7
1337 2868 1584 2911 κωδικέλλων
1644 2869 1834 2920 Ἀλεξαν-

1364 2925 1527 2981 δρείας]
1594 2927 1833 2968 κωδικίλλων

1364 2981 1643 3035 Ἀλεξάνδρου.
