1962 3354
413 568 884 626 MONITUM
948 566 1383 622 LECTORI.

163 849 489 921 CATENA,
524 883 667 928 quam
706 867 846 913 hodie
882 867 1092 927 primum
1127 864 1307 926 publici
1342 864 1468 926 juris
1501 863 1641 920 facio,

159 969 186 999 e
211 952 385 999 Codice
407 950 645 1011 descripta
673 957 744 997 est
770 951 1072 996 Bibliotheca
1099 948 1226 995 Novi
1252 946 1454 1009 collegii
1483 948 1643 992 adser-

159 1042 285 1092 vato,
309 1035 499 1082 LVIII.
524 1035 901 1088 membranaceo,
926 1035 1065 1080 form.
1103 1033 1154 1078 in
1188 1035 1256 1078 40.
1282 1031 1466 1077 decimo
1499 1030 1642 1075 tertio

159 1119 335 1166 saeculo
365 1117 545 1178 optime
577 1123 786 1163 exarato.
856 1117 998 1163 Hanc
1021 1118 1162 1178 longe
1192 1113 1642 1175 praestantissimam

159 1218 326 1249 vocare
349 1217 447 1248 non
471 1201 713 1248 dubitavit
739 1202 990 1248 Fabricius
1016 1201 1144 1247 Bibl.
1163 1200 1247 1246 Gr.
1273 1206 1308 1245 t.
1323 1198 1439 1245 VII.
1466 1214 1510 1258 p.
1528 1201 1643 1251 790,

159 1285 453 1340 auctoribus,
477 1285 510 1330 J
512 1300 554 1331 o.
580 1284 790 1331 Ernesto
820 1284 1001 1331 Grabio
1029 1284 1175 1330 Praef.
1201 1289 1235 1329 t.
1262 1282 1329 1328 II.
1360 1281 1524 1342 Spicil.
1554 1280 1644 1326 Pa-

158 1375 305 1424 trum,
319 1374 367 1414 et
384 1368 417 1414 J
419 1384 461 1414 o.
472 1367 750 1428 Christoph.
763 1368 942 1414 Wolfio
961 1367 1011 1413 in
1027 1367 1231 1412 Dissert.
1248 1367 1306 1411 de
1321 1365 1488 1411 Caten.
1506 1363 1641 1409 Patr.

161 1452 317 1500 Graec.
338 1451 481 1498 MSS.
500 1466 546 1511 p.
565 1454 643 1497 31.
661 1451 1050 1514 4⁰.Witebergae,
1071 1453 1252 1505 1712³;
1279 1449 1362 1510 qui
1382 1455 1546 1508 postea
1571 1463 1644 1493 sa-

159 1534 223 1581 tis
242 1535 401 1595 ampla
420 1550 479 1580 ex
498 1549 554 1579 ea
568 1534 783 1596 vulgavit
802 1539 1026 1594 excerpta
1043 1534 1170 1579 inter
1185 1532 1369 1579 Anecd.
1387 1531 1471 1577 Gr.
1491 1537 1527 1576 t.
1548 1531 1642 1576 III.

158 1625 208 1665 et
231 1618 320 1666 IV.
379 1618 598 1679 Hujusce
630 1623 791 1663 autem
817 1616 1160 1663 Commentarii
1191 1614 1473 1676 praestantia
1496 1613 1646 1673 potis-

159 1703 336 1750 simum
371 1701 591 1756 elucebit,
615 1702 657 1748 si
691 1718 798 1747 cum
833 1702 916 1747 illo
949 1701 1238 1754 conferatur,
1263 1699 1346 1759 qui
1383 1698 1472 1744 sub
1500 1698 1645 1743 OEcu-

158 1785 306 1832 menii
330 1784 524 1831 nomine
541 1784 749 1831 Veronae
774 1784 954 1844 prodiit
978 1784 1124 1830 Anno
1150 1786 1281 1829 1532
1306 1782 1357 1828 in
1381 1782 1436 1828 f0.
1461 1788 1507 1827 et
1533 1781 1644 1827 dein

158 1869 338 1930 saepius
367 1884 562 1915 recusus
594 1876 679 1915 est.
750 1869 1022 1915 OEcumenii
1053 1869 1182 1914 enim
1216 1882 1335 1927 opus
1365 1866 1486 1912 nihil
1511 1865 1642 1911 aliud

160 1958 233 1999 est
262 1951 358 1998 nisi
382 1951 579 1998 Catenae
615 1957 794 1998 nostrae
825 1951 1046 2012 epitome,
1071 1951 1122 1996 in
1158 1966 1255 2010 qua
1286 1949 1501 1996 omnium
1536 1964 1646 1994 auc-

159 2043 319 2084 torum
355 2035 551 2082 nomina
586 2042 820 2091 tacentur,
850 2042 897 2082 et
934 2051 1098 2082 eorum
1136 2040 1360 2094 excerpta
1397 2034 1448 2079 in
1489 2049 1641 2079 unum

159 2120 299 2182 quasi
322 2135 494 2180 corpus
518 2120 818 2182 rediguntur.

226 2203 530 2250 Dubitarunt
555 2209 716 2248 autem
731 2202 841 2250 Viri
865 2204 991 2249 docti
1017 2218 1079 2248 an
1103 2202 1387 2248 OEcumenio
1412 2202 1500 2247 hoc
1525 2216 1644 2260 opus

159 2287 251 2333 rite
275 2285 513 2349 assignari
537 2286 745 2341 deberet,
771 2286 935 2345 (Fabr.
963 2286 1091 2332 Bibl.
1118 2286 1201 2332 Gr.
1234 2292 1270 2331 t.
1291 2284 1408 2332 V11.
1439 2300 1485 2344 p.
1507 2286 1643 2342 789‚)

159 2378 206 2418 et
225 2372 337 2433 jure
360 2370 570 2430 quidem,
587 2376 641 2416 ut
665 2386 754 2433 ego
778 2370 977 2431 opinor3
1004 2386 1115 2416 nam
1145 2370 1196 2416 in
1221 2372 1354 2416 nullo
1378 2385 1519 2431 quem
1545 2368 1645 2414 vidi

161 2453 352 2511 Codice,
373 2454 477 2515 ejus
501 2469 675 2499 nomen
699 2454 1064 2500 Commentario.
1082 2454 1131 2499 in
1154 2453 1280 2499 Acta
1299 2453 1641 2513 Apostolorum

161 2537 463 2600 praefigitur3
499 2537 552 2583 in
585 2537 831 2598 Epistolas
867 2544 1028 2584 autem
1066 2538 1114 2583 S.
1143 2536 1283 2582 Pauli
1316 2537 1420 2597 ejus
1453 2535 1644 2581 Scholia

161 2620 448 2668 nominatim
489 2621 750 2666 laudantur
787 2621 839 2666 in
879 2620 1101 2680 plurimis
1144 2619 1415 2672 Codicibus,
1451 2624 1499 2663 et
1539 2618 1643 2678 ejus

163 2702 442 2750 Proemium
477 2702 634 2748 Schol.
666 2702 717 2748 in
746 2702 1076 2764 Apocalypsin
1111 2707 1270 2747 exstat
1302 2701 1418 2747 Cod.
1445 2700 1643 2746 Coislin.

218 2843 238 2864 8
262 2834 514 2874 Rarissimum
540 2835 614 2872 hoc
635 2834 873 2886 Opusculum
899 2834 937 2872 in
966 2835 1096 2873 multis
1115 2834 1364 2873 Bibliothecis
1387 2835 1523 2872 frustra
1542 2847 1643 2885 quae-

163 2900 244 2948 sivi,
265 2901 330 2940 sed
363 2900 454 2938 illud
485 2899 638 2938 tandem
669 2908 830 2938 tractare
860 2899 966 2952 potui
996 2900 1179 2939 beneficio
1208 2900 1272 2938 viri
1304 2899 1404 2938 inter
1426 2899 1646 2951 Theologos

165 2974 314 3004 nostros
332 2965 540 3004 doctissimi
560 2965 719 3004 Martini
738 2965 898 3018 Josephi
920 2966 1066 3012 Rouffi,
1089 2967 1126 3004 S.
1139 2967 1188 3005 T.
1204 2967 1246 3004 P.

872 3042 955 3083 a2
