1962 3354
632 179 772 222 COD.
806 178 1006 221 COISL.
1035 176 1190 221 XXV.

160 272 227 306 1³1⁸.
249 271 313 299 un.

141 319 231 363 390
289 319 316 363 9
347 303 432 362 καὶ]
456 305 632 347 καὶτῶν.

346 361 497 419 αὐτῶν]
521 363 650 405 αὐτῶν
666 363 722 407 εἰς
735 363 849 415 ἡμᾶς.

264 433 316 463 10
347 419 683 478 καταστήσομεν.]
737 437 853 463 κατα-

376 477 604 531 στήσωμεν.

262 549 280 578 1
293 548 310 576 1
345 534 533 592 Παῦλος]
555 537 578 577 6
599 538 778 579 Παῦλος.

262 606 312 649 13
345 592 536 650 πατέρας]
561 593 660 650 πῇ.

262 663 317 704 14
345 649 438 707 τὴν]
461 654 540 693 τῶν
558 651 755 706 πατέρων.

260 720 312 765 23
343 708 447 766 Τοῦ]
469 712 553 751 Τοῦ
573 711 689 764 ἁγίου
706 714 750 751 ιῶ
764 711 846 751 τοῦ.

263 777 312 821 17
343 764 607 823 Ἀμμωνίου.]
630 782 715 809 om.

262 824 313 866 18
346 822 668 880 ἐμμαινόμενος,]
711 825 848 877 ἐμμαι-

376 879 555 934 νόμενος,
569 882 647 925 ὑπὸ
667 884 745 937 γὰρ
765 885 848 924 δια-

373 942 544 992 βολικῆς
559 941 765 994 ἐνεργείας
786 940 851 981 καὶ

375 995 574 1050 δαιμόνων
603 998 661 1041 οἷς
681 1014 850 1052 στρατη·

374 1055 634 1107 λατούμενος.

261 1124 315 1168 29
344 1114 430 1154 Τοῦ
449 1111 603 1169 αὐτοῦ]
623 1111 851 1166 Ἀμμωνίου

373 1169 662 1224 πρεσβυτέρου.

286 1239 317 1280 4
347 1225 432 1283 καὶ]
455 1227 520 1269 καὶ
540 1227 601 1269 τὸ.

262 1298 316 1327 10
344 1285 446 1341 Τοῦ]
476 1288 560 1326 Τοῦ
581 1286 697 1340 ἁγίου
716 1283 852 1326 Ἰωάν-

374 1358 445 1384 νου
464 1358 548 1384 του.

261 1400 316 1442 16
343 1397 756 1473 ΤοῦΧρυσοσ-τόμου.]
768 1403 852 1442 Τοῦ

375 1474 510 1500 αυτου.

261 1515 315 1559 28
345 1517 428 1557 Τοῦ
448 1515 599 1571 αὐτοῦ]
630 1518 714 1557 Τοῦ
735 1516 851 1570 ἁγίου

375 1576 421 1614 ιῶ
438 1575 508 1614 τοῦ
527 1577 604 1627 Χρ.

258 1643 312 1686 31
344 1628 603 1687 Ἀμμωνίου.]
622 1629 851 1684 Ἀμμωνίου

373 1687 662 1742 πρεσβυτέρου.

142 1757 228 1803 393
293 1759 312 1788 1
345 1743 596 1802 Ἀγρίππαν]
616 1745 832 1801 Ἀγρίππα.

287 1816 318 1858 4
346 1805 410 1845 δεῖ
455 1803 516 1855 δὴ.

287 1874 315 1917 5
348 1861 413 1902 καὶ
458 1861 521 1903 καὶ
541 1860 582 1902 ἃ.

346 1917 551 1975 οὗράνου·]
567 1919 736 1973 οὐρανοῦ
753 1920 852 1960 κατὰ

375 1977 586 2019 ὀπτασίαν.
609 1977 782 2019 ὀπτασία
795 1977 850 2018 δὲ.

141 778 224 822 391

139 1239 227 1284 392

291 2045 314 2090 7
348 2033 501 2091 σαρκὶ,]
525 2035 642 2088 σαρκὶ
662 2033 733 2076 ὢν.

264 2105 314 2149 13
345 2092 448 2148 Τοῦ]
475 2095 560 2134 Τοῦ
579 2093 694 2146 ἁγίου
713 2091 849 2133 Ἰωάν-

379 2166 450 2192 νου
469 2166 551 2191 του.

262 2219 320 2261 24
347 2211 431 2249 Τοῦ
474 2211 558 2249 Τοῦ
574 2207 690 2261 ἁγίου
706 2212 751 2248 ιῶ
770 2210 850 2249 τοῦ.

263 2275 314 2318 27
340 2263 437 2337 ’9η
488 2263 535 2316 ἐξ
563 2264 850 2318 ἆνεπιγράφου.

391 2325 481 2364 Οτι.

146 2392 234 2436 394
293 2390 318 2420 2
349 2378 480 2435 ἀλλὰ]
502 2379 612 2421 ἆλλᾶ
632 2379 710 2420 καὶ.

291 2450 318 2493 9
347 2435 642 2492 μαθητεύσατε]
659 2438 852 2488 μαθητεῦ-

379 2510 450 2535 σαι
469 2492 587 2535 πάντ.
681 2500 685 2506 ’

268 2563 321 2594 10
351 2549 566 2606 εἰλήφασι]
590 2551 709 2602 ἑξειλ.

268 2621 321 2652 12
350 2607 427 2665 τῷ]
450 2607 509 2649 τὸ.

268 2679 318 2722 13
352 2664 505 2721 φωτὸς]
528 2668 627 2719 φῶς.

269 2737 319 2779 15
351 2723 442 2777 περὶ
476 2722 657 2766 Μωσέως
687 2723 709 2763 6
739 2725 851 2764 Παῦ-

379 2780 489 2838 λος,]
522 2781 544 2821 6
572 2782 736 2824 Παῦλος
764 2780 854 2834 περὶ

383 2836 579 2881 Μωσέως.

270 2896 320 2937 18
349 2893 612 2951 Ἀμμωνίου.]
628 2893 854 2949 Ἀμμωνίου

381 2952 671 3008 πρεσβυτέρου.

1542 179 1629 224 449

926 270 966 296 Pa
989 291 995 297 .
1017 270 1080 298 Lin.

910 278 999 361 3931.
1032 317 1084 360 19
1115 301 1316 359 παρέχον]
1338 302 1541 358 παρέχων.

1026 374 1080 406 22
1112 363 1280 417 Μωσῆς]
1307 363 1499 413 Μωυσῆς.

1024 432 1082 476 32
1111 423 1195 461 Τοῦ
1203 418 1618 477 Χρυσοστόμου.]Τοῦ

1140 477 1255 531 ἁγίου
1277 481 1335 519 ιῶ.

907 547 963 591 39
965 544 992 591 5
1056 545 1079 589 7
1110 531 1525 591 ΤοῦΧρυσοστόμου.]
1533 537 1617 576 Τοῦ

1143 608 1276 634 αυτου.

1026 661 1081 692 20
1110 652 1193 691 Τοῦ
1214 648 1368 705 αὐτοῦ]
1389 647 1617 702 Ἀμμωνίου

1141 706 1430 761 πρεσβυτέρου.

1026 776 1080 809 22
1111 764 1346 822 ὡμολόγει]
1369 781 1434 817 ομ.

1025 834 1082 876 24
1111 822 1240 877 οὗτος]
1267 823 1401 866 οὕτως.

1026 893 1049 922 2
1051 892 1079 937 5
1111 881 1133 921 6
1156 879 1264 923 Θεὸς
1284 880 1468 937 ποιῆσαι]
1499 882 1614 932 ποιῆ·

1139 954 1210 979 σαι
1230 938 1252 979 6
1274 937 1395 982 Θεὸς.

1022 1008 1080 1051 30
1111 993 1300 1051 δευτέρῳ]
1322 993 1514 1051 προτέρῳ.

907 1053 994 1110 396
1051 1066 1077 1108 3
1110 1055 1195 1094 Τοῦ
1215 1051 1370 1109 αὐτοῦ]
1392 1067 1478 1094 om.

1026 1122 1077 1165 27
1109 1109 1613 1166 ΤοῦΧρυσοστόμου.]οῐῐι.

906 1179 990 1225 397
1028 1181 1081 1210 10
1109 1168 1213 1225 Τοῦ]
1239 1171 1322 1210 Τοῦ
1342 1169 1458 1222 ἁγίου
1476 1166 1614 1210 Ἰωάν-

1142 1242 1212 1267 νου
1231 1243 1313 1267 του.

907 1283 991 1339 398
1030 1296 1078 1339 13
1110 1286 1193 1325 Τοῦ
1215 1282 1372 1339 αὐτοῦ]
1397 1285 1480 1324 Τοῦ
1501 1283 1617 1336 ἁγίου

1139 1345 1185 1382 ιῶ
1203 1343 1274 1382 τοῦ
1293 1341 1596 1394 Χρυσοστόμου.

1025 1410 1075 1441 21
1109 1398 1522 1453 ΤοῦΧρυσοστόμου.]
1532 1400 1616 1439 Τοῦ

1141 1456 1273 1498 αὐτοῦ.

1026 1523 1078 1568 27
1106 1512 1370 1570 Ἀμμωνίου.]
1391 1511 1617 1565 Ἀμμωνίου

1138 1570 1426 1625 πρεσβυτέρου.

1026 1640 1079 1684 29
1112 1627 1389 1685 εῖσαγούσης,]
1441 1628 1613 1683 ἀγαγού-

1140 1703 1227 1738 σης.

1030 1757 1082 1797 14
1113 1743 1275 1797 ἑαυτῆς]
1300 1744 1466 1787 ἑαυτοῖς.

1030 1802 1080 1843 18
1111 1802 1219 1857 μὲν,]
1246 1799 1290 1842 ὦ.

1028 1861 1082 1903 26
1112 1857 1374 1915 Ἀμμωνίου.]
1389 1857 1616 1911 Ἀμμωνίου

1140 1916 1431 1970 πρεσβυτέρου.

1054 1986 1085 2026 4
1113 1974 1523 2029 ΤοῦΧρυσοστόμου.]
1534 1976 1618 2015 Τοῦ

1143 2049 1278 2073 αυτου.

1055 2102 1081 2144 9
1113 2089 1416 2146 ἐπιλάθωνται,]
1451 2088 1617 2131 ἐπιλάν-

1143 2150 1301 2190 θωνται.

1029 2216 1082 2247 22
1112 2208 1196 2246 Τοῦ
1217 2205 1369 2260 αὐτοῦ]
1392 2207 1477 2246 Τοῦ
1496 2208 1573 2258 Χρ.

1060 2276 1076 2303 1
1112 2261 1216 2319 Τοῦ]
1239 2265 1323 2305 Τοῦ
1342 2263 1458 2315 ἁγίου
1473 2267 1516 2303 ιῶ
1535 2265 1615 2303 τοῦ.

1033 2332 1083 2374 19
1111 2318 1376 2375 Ἀμμωνίου.]
1392 2319 1618 2372 Ἀμμωνίου

1142 2376 1431 2430 πρεσβυτέρου.

1031 2445 1086 2486 24
1115 2433 1319 2490 ὁριζούση]
1342 2435 1540 2487 ὁρίζουσα.

1029 2501 1081 2544 27
1114 2491 1375 2546 ἀπολέσθαι,]
1391 2490 1619 2532 ἀπολέσθαι

1146 2547 1255 2603 εἶχεν
1271 2548 1321 2591 ἂν
1339 2549 1400 2590 καὶ
1417 2550 1438 2589 6
1455 2551 1619 2591 Παῦλος

1146 2606 1387 2648 ἀπολέσθαι.

1027 2675 1084 2718 30
1114 2663 1206 2705 οὐδὲ
1253 2663 1349 2720 μὲν]
1404 2662 1620 2716 οὖδεμένον

1147 2720 1258 2776 (sic).

1027 2788 1082 2833 35
1114 2778 1317 2834 ἁρπάσας]
1346 2777 1528 2832 ἁρπάσας
1549 2778 1617 2820 αὗ-

1143 2853 1228 2878 τον.

911 2905 996 2946 402
1056 2905 1082 2948 3
1115 2894 1448 2949 θαυματουργίας]
1469 2897 1617 2946 θαυμα-

1142 2951 1376 3006 τουργήσας.

908 1757 993 1800 399

909 1986 996 2026 400

910 2275 990 2315 401

966 3021 1049 3063 3M
