1962 3354
353 238 437 279 442

368 330 434 362 Pag.
460 329 524 356 Lin.

360 374 437 416 271
471 377 528 419 30
558 363 660 419 τοῖς]
683 378 768 405 om.

358 430 439 474 272
504 434 522 461 1
556 423 639 462 Τοῦ
686 422 801 475 ἁγίου
841 422 1056 463 Βασιλείου

585 479 703 531 ῥητοῦ
783 476 1054 532 προκειμένου,

584 539 666 578 τοῖς
683 533 816 576 εὐθέσι
836 533 976 589 πρέπει
997 537 1055 577 αἵ-

588 608 710 635 νεσις.
744 590 909 645 οὨσπερ
930 610 962 633 κ.
973 597 1055 634 τ.λ.

499 660 524 702 3
557 647 795 704 πρέποντος]
832 649 1059 703 πρέποντως

610 708 702 757 ειο).

501 763 526 802 6
558 706 676 817 ἄξιος]
709 762 829 817 ἅγιος.

475 830 523 872 17
556 823 640 860 Τοῦ
661 818 818 875 αὐτοῦ]
850 824 932 861 Τοῦ
953 824 1057 874 Χρυ-

587 878 798 930 σοστόμου.

358 944 437 986 273
503 933 527 973 8
558 932 819 989 Ἀμμωνίου.]
836 933 1059 987 Ἀμμωνίου

585 990 872 1044 πρεσβυτέρου.

473 1060 528 1099 24
555 1051 638 1088 Τοῦ
653 1049 785 1090 αὐτοῦ.
817 1049 982 1089 Παύλου
997 1051 1060 1100 δη-

587 1109 866 1159 μηγοροῦντος,
875 1104 1060 1146 Ἰουδαῖοι

583 1163 659 1213 μὲν
678 1161 871 1206 πολλάκις
896 1163 1057 1214 κατεγέ-

585 1224 681 1267 λων,
705 1221 742 1260 οἳ
770 1222 965 1271 δεσμῶται
988 1236 1056 1271 με-

585 1278 633 1317 τὰ
646 1279 799 1327 πολλῆς
814 1278 1058 1329 ἐπηκροῶντο

584 1335 651 1383 τῆς
658 1334 837 1387 ἡσυχίας·
853 1334 968 1374 οὐδὲν
982 1335 1058 1386 γὰρ

584 1391 700 1430 οὐδὲν
721 1391 841 1433 οὕτως
869 1391 923 1432 εἷς
943 1395 1058 1443 φιλο-

585 1448 735 1500 σοφίαν
752 1447 974 1498 ἐπιτηδείαν
991 1464 1056 1487 κα-

586 1503 816 1553 τασκευάζει
836 1504 986 1557 ψυχὴν,
1007 1504 1059 1547 ὡς

585 1562 773 1614 συμφορὰ
804 1561 867 1601 καὶ
895 1577 1057 1613 πειρασ-

584 1617 670 1668 μὸς,
705 1617 767 1658 καὶ
803 1619 942 1671 θλίψις
973 1619 1055 1659 ἐπι-

588 1672 759 1726 κειμένη.

358 1742 441 1785 274
501 1732 526 1771 6
557 1734 639 1771 Τοῦ
661 1730 815 1785 αὐτοῦ]
837 1746 917 1772 om.

475 1788 524 1828 18
557 1788 638 1828 Καὶ
658 1787 740 1841 μετ’
763 1789 902 1843 ὀλίγα]
926 1803 1006 1830 om.

473 1857 527 1897 24
555 1843 793 1896 Ἀμμωνίου.
799 1844 1057 1901 ]Ἀμμωνίου

585 1901 870 1955 πρεσβυτέρου.

473 1958 527 1998 26
558 1958 751 2030 Σευήρου]
762 1960 967 2012 Σευήρου’
948 1977 1058 2013 αρχι-

587 2014 804 2057 επισκόπου
836 2015 1054 2071 Ἀντιοχεί-

588 2090 643 2115 ας.

473 2139 527 2181 29
558 2129 628 2170 τὸν
649 2129 836 2201 Κύριον]
837 2130 906 2170 τὸν
926 2145 1006 2171 om.

559 2185 734 2241 ἕκραξα·]
772 2185 874 2227 ἐκέκ.

359 2251 438 2295 275
499 2253 529 2292 4
558 2242 925 2315 φευγαδευτήριον]
963 2249 1057 2297 φευ-

588 2298 852 2354 γαδευτέριον.

358 2356 440 2408 276
500 2368 526 2409 9
557 2359 640 2397 Τοῦ
680 2360 756 2410 Χρ.
809 2356 924 2397 ”Αλλ
966 2357 1056 2398 οὐδὲ

586 2430 698 2454 ‘rouro
718 2418 826 2455 ποιεῖ
843 2416 982 2466 δεσμὰ,
1006 2415 1057 2458 ὡς

586 2470 676 2513 τοὺς
689 2470 885 2522 δήσαντας
902 2473 957 2514 εἰς
970 2471 1058 2515 τοὺς

585 2525 708 2570 πόδας
725 2529 837 2580 ἄγειν
855 2531 932 2569 τῶν
948 2531 1054 2570 δεδε-

586 2582 729 2635 μένων,
753 2586 862 2626 ἆλλὰ
891 2585 1055 2626 τούναν-

586 2642 671 2681 τίον
693 2642 938 2695 ὑποχειρίους
966 2643 1054 2683 τού-

587 2713 677 2740 τους
721 2699 881 2739 ἐκείνων
913 2703 1054 2740 ποιεῖν.

587 2757 658 2794 νῦν
689 2755 732 2795 δὲ
767 2756 788 2795 ὁ
822 2753 1054 2805 λελυμένος,

585 2810 661 2851 ὑπὸ
678 2811 766 2853 τοὺς
785 2813 908 2854 πόδας
923 2812 973 2863 ἢν
987 2815 1055 2852 τοῦ

589 2866 812 2919 δεδεμένου·
863 2869 884 2908 ὁ
935 2867 1056 2919 δήσας

584 2923 693 2973 ἠξίου
713 2924 782 2964 τὸν
803 2923 967 2965 δεθέντα
986 2929 1055 2966 λυ-

585 2982 699 3030 θῆναι
718 2984 787 3021 τοῦ
803 2982 948 3034 φόβου,
966 2982 1054 3035 οὐχὶ

731 242 1055 284 VARIETAS
1088 243 1431 286 LECTIONIS

1123 332 1190 364 Pag.
1221 332 1284 359 mn.
1342 366 1393 408 σὺ
1430 366 1585 419 ἔδησας,
1613 365 1699 408 εἰπέ
1731 381 1810 419 μοι·

1343 423 1433 478 οὐχὶ
1453 425 1508 467 εἷς
1522 424 1594 475 τὴν
1614 422 1814 478 ἐσωτέραν

1345 480 1492 532 ἔβαλες
1512 480 1707 534 φυλακὴν,
1724 481 1814 536 οὐχὶ

1341 539 1395 581 εἷς
1407 537 1451 578 τὸ
1465 539 1586 589 ξύλον
1597 538 1814 591 ἠσφαλίσω

1342 595 1432 638 τοὺς
1443 596 1579 642 πόδας;
1597 595 1639 636 τί
1646 592 1812 648 τρέμεις;

1343 652 1384 692 τί
1392 654 1557 704 θορυβῆ;
1574 652 1614 693 τί
1623 653 1812 705 δακρύεις;

1344 710 1383 749 τί
1410 708 1455 750 τὸ
1485 709 1599 761 ξίφος
1627 707 1812 756 ἐσπάσω;

1341 764 1484 807 οὐδένα
1491 768 1669 807 τοιοῦτον
1677 765 1812 818 ἔδησα,

1345 822 1482 875 φησὶν,
1505 823 1574 864 οὐκ
1612 821 1734 874 ἤδειν,
1754 823 1814 863 ὅτι

1343 880 1514 930 τοσαύτῃ
1535 883 1613 920 τῶν
1632 882 1701 920 τοῦ
1720 882 1815 933 Χρι-

1345 939 1441 977 στοῦ
1462 937 1634 988 δεσμίων
1652 937 1677 988 ἡ
1697 936 1813 978 δύνα-

1344 1010 1420 1044 μις.

1118 1050 1200 1103 276
1234 1050 1284 1091 18
1315 1048 1575 1105 Ἀμμωνίου.]
1592 1048 1816 1102 Ἀμμωνίου

1343 1105 1632 1161 πρεσβυτέρου.

1232 1177 1256 1206 2
1268 1178 1281 1205 1
1317 1165 1538 1218 δεσμώτας]
1572 1164 1779 1215 δεσμότας.

1233 1234 1283 1277 23
1317 1219 1655 1276 ὃιαρρηχθείσας·]
1711 1223 1815 1274 διαρ-

1340 1277 1558 1332 ρηχθήσας-

1231 1347 1283 1388 27
1317 1333 1450 1390 ἄλλῳ]
1482 1335 1600 1376 ἄλλο.

1116 1401 1195 1446 277
1262 1404 1278 1431 ῐ
1315 1376 1756 1445 ἀποπροσεποιήσαντο]
1768 1391 1814 1432 ἇ-

1341 1465 1457 1502 πεπρ.

1260 1517 1283 1548 2
1315 1503 1648 1560 ἆντεποιήσαντο]
1703 1505 1815 1547 ἀντε-

1344 1563 1529 1614 ποίησαν.

1257 1633 1286 1672 4
1317 1619 1384 1674 ἕω]
1411 1619 1546 1660 ἔωθεν.

1257 1690 1283 1732 5
1316 1677 1488 1730 Χριστὸς
1524 1675 1710 1731 ἔννυχος]
1753 1677 1815 1718 κύ-

1343 1750 1425 1786 ριος
1445 1733 1626 1787 ἔννυχον.

1316 1790 1393 1831 ἀπὸ
1413 1794 1481 1831 τοῦ
1500 1788 1615 1845 ᾅδου]
1648 1791 1690 1841 ἐξ
1705 1788 1812 1845 ᾅδου.

1233 1860 1286 1899 14
1316 1847 1389 1888 κᾶν
1408 1845 1648 1902 κενόδοξος,]
1682 1846 1745 1889 καὶ
1769 1848 1814 1888 ἆ-

1345 1905 1470 1946 κενόδ.

1315 1960 1459 2013 δήποτε
1489 1961 1640 2016 ἕτερον]
1680 1959 1811 2013 δήποτ’

1343 2019 1414 2059 οῦν
1435 2018 1582 2071 ἕτερον.

1234 2084 1282 2129 15
1316 2076 1452 2127 ἀρετῆς
1469 2073 1698 2130 ἐχόμενον,]
1722 2074 1813 2128 ἐχό-

1342 2148 1464 2182 μενον
1484 2132 1633 2184 ἀρετῆς.

1231 2200 1279 2230 21
1316 2188 1439 2242 Οὐδὲ]
1472 2190 1555 2228 Τοῦ
1581 2188 1811 2240 Χρυσοστό·

1343 2262 1432 2296 μον.
1463 2244 1581 2286 Οὐδὲ.

1227 2314 1278 2356 3ι
1311 2301 1720 2355 ΤοῦΧρυσοστόμου.]
1731 2304 1814 2342 Τοῦ

1344 2358 1475 2400 αὐτοῦ.

1116 2427 1138 2457 2
1145 2425 1166 2469 7
1173 2415 1196 2456 8
1227 2428 1251 2471 3
1262 2429 1278 2455 I
1313 2418 1396 2456 Τοῦ
1401 2416 1699 2468 Χρυσοστόμου.
1706 2413 1723 2469 ]
1730 2417 1813 2455 Τοῦ

1342 2489 1472 2514 αυτου.

1115 2541 1196 2584 279
1255 2543 1281 2584 5
1307 2527 1418 2584 Ἵνα]
1441 2527 1534 2570 Ἵνα
1554 2529 1609 2569 δὲ.

1229 2598 1252 2627 2
1254 2598 1281 2641 5
1312 2584 1568 2639 Ἀμμωνίου.]
1587 2584 1810 2637 Ἀμμωνίου

1341 2641 1625 2695 πρεσβυτέρου.

1229 2699 1281 2741 28
1315 2697 1478 2753 αὐτοῖς]
1511 2698 1662 2740 αὐτούς.

1115 2755 1197 2798 280
1258 2765 1280 2809 7
1312 2753 1811 2810 ΤοῦΧρυσοστόμου.]Τοῦ

1341 2828 1471 2853 αυτου.

1226 2882 1250 2924 3
1261 2882 1278 2909 1
1312 2866 1570 2922 Ἀμμωνίου.]
1585 2866 1808 2920 Ἀμμωνίου

1341 2924 1625 2978 πρεσβυτέρου.

1112 2983 1189 3025 281
1230 2995 1276 3023 11
1310 2985 1392 3023 Τοῦ
1413 2981 1564 3037 αὐτοῦ]
1585 2994 1666 3022 om.
