1962 3354
608 224 746 266 COD.
780 224 979 267 COISL.
1012 224 1164 266 XXV.

159 316 326 350 raffau

1516 225 1626 268 >437

920 315 986 348 Pa&
1025 315 1077 340 mn

128 350 234 394 v188
288 361 318 406 5
350 351 434 392 Τοῦ
454 347 610 406 αὐτοῦ]
645 351 730 390 Τοῦ
750 352 854 403 Χρυ-
915 362 998 393 200
1034 362 1079 390 11
1115 348 1417 406 σεσημείωται]
1496 366 1621 402 σεση-

382 407 599 460 σοστόμου.

265 466 322 507 26
350 463 611 520 προσείκατο]
643 462 811 517 προσήκ.

266 523 320 567 28
351 525 462 636 ξεῖᾦ
432 520 592 578 κεινῶν]
616 520 662 563 δι’
678 522 854 564 ἐκείνων.

266 592 290 622 2

152 637 234 694 189
293 594 320 695 ἓ
353 577 491 694 εὲπαν]
525 636 652 679 εἶπον.

349 695 588 750 ποιεῖσθαι·]
624 695 846 746 ἇφιεῖσθαι,

293 753 321 794 6
351 753 415 808 τὸ]
452 755 522 809 τῷ.

352 809 565 868 εἰσφέρον]
599 809 810 863 εἰσφέρων.

151 881 234 924 190
268 881 316 910 11
351 870 416 910 διὰ
454 868 527 920 τὴν
566 866 718 924 κρίσιν]
771 867 853 909 διά-

379 942 522 980 κρισιν.

266 996 316 1040 13
349 981 684 1039 ἆρχιεπισκόπου]
707 996 790 1024 om.

345 1041 446 1095 πρὸς
475 1039 666 1105 Σόλωνα]
703 1040 851 1093 προσό-

376 1104 490 1140 λωνα
513 1097 627 1154 (sic).

265 1166 314 1211 17
347 1160 418 1198 τοῦ
431 1154 618 1212 Πνεῦμα]
638 1155 684 1197 τὸ
698 1159 854 1210 πνεῦμα

378 1214 439 1255 τὸ.

261 1282 316 1314 22
345 1270 608 1370 Ἀμμωνίουέ]
624 1270 852 1324 Ἀμμωνίου

376 1327 666 1383 πρεσβυτέρου.

260 1397 317 1439 24
344 1385 735 1441 προκατηχηθέντας]
757 1403 851 1440 προ-

376 1444 849 1499 κατηχηπροκατηχηθέν-

373 1518 440 1546 τες
461 1501 570 1557 (sie).

261 1560 316 1602 26
346 1562 416 1601 τοῦ
469 1562 538 1601 τοῦ
560 1559 683 1601 θείου.

146 1629 224 1673 191
258 1629 317 1673 30
345 1559 436 1674 τοῦ]
458 1631 543 1659 om.

146 1687 228 1730 192
263 1687 313 1731 13
344 1677 428 1716 Τοῦ
452 1673 607 1731 αὐτοῦ]
639 1677 722 1716 Τοῦ
743 1679 849 1729 Χρυ-

375 1733 591 1785 σοστόμου.

260 1802 314 1846 29
345 1790 547 1863 τοσαῦτα]
573 1792 707 1831 ταῦτα.

146 1859 225 1903 193
261 1859 312 1903 23
348 1845 663 1901 επανελθόντος]
696 1847 834 1890 ἀνελθ.

146 1917 230 1961 194
290 1917 314 1949 2
347 1904 411 1962 δὲ]
444 1905 531 1947 δὲ
507 1922 573 1958 ην.

146 1975 226 2020 195
260 1975 314 2007 20
344 1966 428 2005 Τοῦ
449 1963 599 2018 αὗτοῦ.]
634 1965 717 2004 Τοῦ
737 1962 824 2015 J<-

256 2033 312 2077 33
343 2020 849 2078 ΤοῦΧρυσοστόμου.]Τοῦ

374 2095 508 2120 αυτου.

145 2135 227 2191 196
287 2146 310 2191 7
344 2135 587 2193 Κυρίλλου.]
620 2139 703 2178 Τοῦ
733 2139 848 2191 ἁγίου

373 2194 589 2248 Κυρίλλου.

260 2260 310 2305 17
336 2249 600 2308 Ἀμμωνίου]
621 2251 847 2305 Ἀμμωνίου

371 2308 659 2363 πρεσβυτέρου.

254 2378 308 2422 31
341 2369 424 2407 Τοῦ
450 2366 599 2422 αὐτοῦ]
635 2370 720 2408 Τοῦ
740 2371 815 2421 Χρ.

144 2433 222 2479 197
284 2436 311 2479 9
337 2425 751 2480 ΤοῦΧρυσοστόμου.]
763 2428 847 2467 Τοῦ

373 2497 507 2523 αυτου.

258 2550 315 2591 24
343 2536 402 2594 α’]
435 2539 604 2592 πρώτου.

256 2598 312 2640 26
343 2595 635 2652 ἑβδομήκοντα]
670 2595 721 2639 o'.

341 2653 465 2711 φασὶ]
499 2654 638 2708 φησὶν.

256 2723 310 2767 29
342 2710 507 2768 φασίν.]
540 2714 679 2765 φησίν.

142 2768 222 2824 198
284 2782 310 2824 9
341 2767 477 2826 λήψῃ]
508 2768 651 2823 λήψει-

339 2827 421 2884 τὸ,]
453 2826 498 2867 τὸ
521 2826 673 2880 ἀγαθὸς
691 2827 844 2882 ἄνθρω-

367 2900 455 2928 πος.
491 2884 555 2926 καὶ
574 2884 636 2926 τὸ.

254 2952 309 2984 22
339 2941 420 2993 Οὐ]
454 2944 537 2983 Τοῦ
559 2941 693 2983 αὐτοῦ.
725 2941 799 2984 Οὐ.

141 3011 220 3055 199
280 3012 306 3055 3
338 2999 597 3056 Ἀμμωνίου]
624 3014 708 3042 om.

1144 407 1321 460 μείωται.
1353 407 1414 449 ὅτι
1429 405 1623 449 διακόνων

1145 465 1210 506 καὶ
1245 465 1474 507 ἐπισκόπων
1510 465 1623 520 εἶχον

1143 520 1320 575 βαθμόν.

1030 590 1080 634 27
1114 579 1375 636 Ἀμμωνίου]
1392 578 1621 633 Ἀμμωνίου

1142 637 1419 691 πρεσβυτέρου
1427 669 1435 679 .

1027 708 1079 750 31
1115 695 1375 752 Λουγδούνῳ]
1390 696 1617 751 Λουγδόνῳ.

1114 754 1309 809 Γαλλίας]
1346 754 1578 797 Γαλιλαίας.

914 821 992 853 201
1059 822 1083 853 2
1113 809 1326 867 Ἰώσηπος]
1357 810 1594 864 Ἰώσηππος.

1029 867 1082 911 28
1113 871 1196 909 Τοῦ
1212 867 1535 925 Χρυσοστόμου.]
1554 873 1617 911 Ιῶ.

913 937 996 969 202
1032 937 1081 980 17
1113 929 1196 967 Τοῦ
1221 925 1375 983 αὐτοῦ]
1407 930 1490 968 Τοῦ
1511 931 1618 981 Χρυ-

1143 984 1360 1036 σοστόμου.

1032 1041 1082 1083 18
1106 1039 1226 1097 Ὅσῳ
1256 1040 1617 1098 Τοῦαύτοῦ.“οσῳ.

1028 1111 1078 1140 21
1114 1099 1216 1152 Περὶ
1271 1099 1375 1153 Περὶ
1394 1101 1486 1154 γὰρ.

911 1168 991 1213 203
1055 1158 1083 1198 6
1113 1159 1246 1199 τοῦτοί
1265 1156 1356 1213 νυν]
1378 1160 1449 1199 τοῦ
1467 1158 1614 1200 τοίνυν.

1057 1224 1079 1268 7
1113 1214 1287 1271 ἀτελεῖς]
1322 1215 1509 1259 εὐτελεῖς.

1027 1283 1078 1326 27
1114 1273 1259 1328 Θεόν·]
1293 1273 1397 1314 Post
1418 1273 1514 1315 θεὸν
1533 1288 1616 1315 om.

1139 1330 1203 1371 καὶ
1222 1329 1360 1372 πάλιν.

1112 1388 1257 1442 ἰσχύει,
1262 1388 1279 1443 ]
1297 1391 1381 1430 Τοῦ
1397 1387 1528 1430 αὐτοῦ.
1559 1390 1618 1431 ἰσ-

1138 1445 1406 1500 χύειπλήθυς.

910 1514 994 1555 204
1028 1516 1080 1545 10
1109 1504 1502 1556 ΤοῦΧρυσοστόμου.
1508 1504 1618 1562 ]Τοῦ

1141 1560 1271 1602 αὐτοῦ

1028 1629 1078 1661 12
1109 1621 1192 1659 Τοῦ
1223 1618 1375 1674 αὐτοῦ]
1409 1622 1494 1661 Τοῦ
1513 1623 1618 1674 Χρυ-

1139 1677 1352 1729 σοστόμου.

909 1741 990 1786 207
1027 1744 1082 1786 14
1110 1731 1348 1786 Ἀμμωνίου.
1354 1732 1372 1790 ]
1390 1733 1616 1788 Ἀμμωνίου

1138 1791 1425 1846 πρεσβυτέρου.

1028 1858 1078 1904 15
1112 1849 1439 1906 εὐαγγελίσατο]
1478 1868 1584 1905 ευηγ.

909 1905 991 1949 208
1057 1919 1075 1947 1
1110 1908 1343 1962 Βασιλείου]
1400 1910 1616 1950 Βασιλείου

1140 1965 1454 2019 ἆρχιεπισκόπου
1464 1969 1615 2008 Καισα-

1137 2023 1247 2075 ρείας
1261 2023 1304 2064 ἐκ
1316 2026 1383 2075 τῆς
1397 2025 1612 2078 ἑρμηνείας.

1051 2092 1077 2134 3
1109 2079 1279 2136 μήποτε]
1307 2080 1460 2134 μήποτ-ε
1480 2082 1612 2124 αὐτὸν.

1050 2146 1077 2192 5
1110 2137 1305 2195 δυσώδης]
1341 2140 1518 2192 δυσώδης
1539 2141 1614 2194 ἁφ-

1140 2195 1314 2248 ίσ-τησιν.

1051 2265 1077 2307 9
1109 2253 1208 2309 ὅλῳ]
1245 2254 1361 2298 ὅλως.

1026 2323 1078 2351 10
1107 2312 1174 2352 διὰ
1207 2312 1284 2363 μὲν
1318 2312 1389 2354 οὖν
1425 2312 1471 2354 τὸ
1509 2313 1615 2368 μέγα

1137 2369 1226 2423 τοῦ]
1250 2383 1334 2410 om.

1026 2437 1074 2481 13
1107 2423 1228 2480 πᾶσι]
1260 2442 1385 2478 παση.

1025 2496 1076 2538 19
1108 2483 1147 2524 οἶ
1165 2481 1277 2538 περὶ]
1310 2485 1332 2524 ὁ
1352 2485 1456 2538 περὶ.

906 2551 989 2596 209
1049 2552 1074 2596 3
1109 2539 1223 2596 Πῶς]
1261 2543 1346 2582 Τοῦ
1377 2543 1610 2595 Χρυσοστό-

1133 2615 1220 2650 μου.
1260 2601 1364 2643 Πῶς.

1048 2655 1076 2696 6
1106 2654 1189 2711 Οὐ]
1221 2659 1304 2697 Τοῦ
1325 2657 1460 2699 αὐτοῦ.
1493 2658 1569 2700 Οὐ.

1023 2713 1076 2753 16
1105 2716 1188 2754 Τοῦ
1169 2715 1611 2785 Χρυσοστόμου.]Τοῦ

1135 2771 1270 2812 αὐτοῦ.

905 2839 988 2870 210
1018 2840 1075 2883 30
1105 2828 1497 2883 ΤοῦΧρυσοστόμου.
1501 2831 1611 2889 ]Τοῦ

1135 2886 1266 2927 αὐτοῦ.

905 2954 982 2986 211
1026 2955 1075 2985 10
1104 2943 1409 3043 γεξενημένης]
1441 2949 1606 3001 γεγενῆ-

1135 3018 1164 3042 σ
1190 3018 1243 3044 αι.
